3225 5017
466 462 540 523 AD
600 458 857 527 FLUMINA
1073 476 1152 563 ¹79

197 623 289 697 Arndt,
304 640 340 683 ex
352 619 445 700 priscis
463 612 623 687 rudioribus
640 634 726 700 atque
740 640 778 683 ex
797 619 936 686 consensu
956 629 1148 695 recentiorum

175 724 288 799 uptiis,
310 736 402 784 contre
419 723 561 801 quendam
581 720 812 790 clementinum,
845 724 893 799 qui
912 742 965 800 pro
993 726 1066 789 Luso
1085 729 1151 791 scri.

194 819 280 897 pserat,
302 821 442 885 ostendere
465 822 583 894 nititur,
620 819 700 883 nulio
726 820 815 881 modo
836 820 1041 886 rabinadum,
1079 831 1150 905 quiri

192 913 323 991 sisciatello
336 920 419 983 suerit
434 918 576 983 Rubicon.
618 920 710 995 Atque
733 920 805 981 inter
823 918 878 982 aiio
900 938 937 982 er
958 920 1093 986 Friderici
1109 928 1149 992 ii.

190 1014 240 1093 Imp
258 1017 426 1095 diplomate,
450 1038 476 1079 a.
497 1026 585 1092 1165.
610 1018 677 1081 dato
694 1021 722 1079 dr
738 1036 775 1079 ex
798 1017 897 1080 Uberri
913 1019 1148 1100 vice-Comitis,

190 1115 226 1189 qui
244 1115 395 1179 sarsenates
420 1118 494 1181 inter
514 1134 548 1179 ec
563 1114 750 1181 Ariminenses
771 1116 801 1177 in
822 1118 1012 1181 controversa
1031 1122 1150 1185 defini.

189 1209 333 1281 husathites
351 1215 479 1288 sederat,
501 1215 608 1290 judicio
634 1212 776 1292 patescere
798 1216 968 1291 contendit,
996 1217 1069 1295 ipsos
1088 1223 1150 1285 Asi.

190 1310 301 1375 minenses
318 1312 429 1380 saecuto
445 1313 515 1379 Xll.
542 1312 711 1379 Piisateiium
732 1332 785 1391 pro
803 1312 954 1379 Rubicone
975 1320 1144 1394 agnovissem

138 1448 140 1515 μ
223 1424 276 1485 Non
291 1428 438 1488 ferendam
453 1426 528 1488 hanc
546 1426 676 1503 injuriam
688 1440 769 1501 ‚ratus
784 1426 908 1500 Jacobus
924 1428 1068 1507 Viiianus,
1091 1435 1152 1497 Ari·

138 1524 139 1533 ’
186 1522 311 1599 nicenis,
338 1526 442 1587 eodem
459 1544 536 1586 anno
555 1534 629 1599 ¹⁶4¹
659 1527 796 1599 Arimini,
815 1527 913 1588 itidem
927 1530 958 1589 in
978 1546 1076 1609 quarta
1092 1534 1151 1595 sor.

138 1624 139 1627 ’
187 1636 223 1679 mu
240 1622 436 1685 Ariminensem
453 1624 534 1687 suum
555 1624 737 1685 Rubiconem
759 1626 869 1700 edidit,
894 1626 1024 1690 thesauro
1037 1653 1152 1711 quoquc

183 1718 252 1795 antiq.
265 1720 322 1784 ital.
346 1722 500 1799 insertum,
525 1724 556 1783 in
574 1742 633 1799 ¹quo
650 1722 769 1784 fluvium
785 1738 836 1800 per·
850 1724 1085 1804 prosopopoeiam
1104 1734 1150 1791 in-

185 1820 288 1881 troducit
308 1817 473 1884 asierentem
498 1822 527 1883 se
552 1823 679 1883 Ariminii
706 1822 762 1883 esse
793 1826 851 1881 non
875 1822 1044 1898 caesenae,
1066 1839 1152 1905 atque

183 1934 326 1994 argumenta
348 1922 489 1999 Scipionis
506 1920 689 1983 Ciaramontii
709 1919 896 1981 refellentem.
921 1921 948 1982 is
962 1941 1030 2001 ergo
1046 1926 1073 1985 di
1087 1925 1151 1989 ioca

185 2026 295 2079 veterum
322 2019 372 2081 sibi
398 2020 496 2081 favere
514 2018 665 2096 perhibet,
707 2018 848 2079 &nostra
878 2018 1051 2095 potissimum
1078 2024 1153 2088 Vibii

181 2113 251 2176 verba
263 2132 369 2195 urget,
402 2120 639 2179 &marmoream
657 2116 783 2178 tabuianr
810 2116 896 2192 pauiu
913 2131 979 2178 ante
997 2122 1155 2197 expressam

138 2290 140 2301 ‚
186 2212 264 2283 ridet,
284 2234 403 2293 eamque
424 2214 472 2278 vel
492 2232 509 2275 a
529 2212 642 2275 Biondo
660 2214 781 2277 effidem
806 2213 852 2273 vei
870 2214 1006 2291 positam,
1039 2219 1075 2278 ab
1099 2224 1156 2283 Au·

181 2310 271 2384 pustino
290 2312 512 2385 Tarraconensi,
538 2313 678 2386 Grutero,
702 2312 853 2388 Cluverio,
871 2312 934 2375 aliis
953 2316 1081 2377 certatim
1105 2338 1157 2381 ex.

181 2406 271 2483 picium
293 2414 403 2487 traditi
424 2431 461 2472 ex
484 2412 592 2474 statutis
607 2413 693 2475 etiam
717 2411 901 2475 Caesenatum
919 2428 1038 2477 conatur
1062 2418 1154 2480 osten-

138 2544 139 2551 κ
180 2503 250 2583 dere,
268 2510 439 2573 Piiiateiium
455 2530 515 2571 non
532 2511 653 2574 iiuvium
669 2510 718 2573 sed
744 2512 836 2573 rivum
855 2510 927 2587 eise,
952 2515 1002 2590 qui
1026 2519 1154 2578 emendi·

138 2596 139 2615 ¹
179 2604 235 2665 catis
251 2605 329 2687 saepe
342 2609 424 2688 aquis
442 2609 513 2671 fluat
537 2612 565 2671 dr
589 2610 694 2673 invitis.
727 2610 848 2674 Movere
866 2610 915 2672 ista
934 2631 950 2672 a
969 2612 1156 2689 Viliano,ae·

138 2778 139 2789 χ
178 2722 223 2780 que
235 2726 265 2769 ac
285 2709 385 2771 similia
410 2707 536 2785 aRapit.
559 2708 689 2771 Adimaro
703 2710 743 2771 de
768 2708 821 2770 srtu
843 2710 981 2785 Arimini,
1012 2709 1176 2790 proposita

138 2836 140 2903 ζ
177 2800 357 2886 flamininum,
383 2822 417 2871 ut
429 2808 467 2871 ad
492 2806 573 2873 Plinii
593 2807 690 2869 locum
713 2801 817 2882 Lusum
840 2807 964 2886 priscum
988 2807 1044 2870 eise
1065 2808 1157 2883 Rubra

138 2918 139 2987 3
177 2922 264 2969 concur
290 2908 433 2974 assereret.

138 2988 139 3029 ⁴
207 3003 319 3071 Biennio
334 3006 416 3086 post,
436 3024 462 3066 a.
479 3011 565 3085 1643.
586 3022 624 3065 ne
639 3003 824 3067 Caesenatum
847 3005 970 3067 caussam
990 3007 1155 3072 dereiidianr

176 3098 242 3164 daret
261 3124 293 3167 ac
310 3106 513 3185 desperatam,
549 3104 715 3169 Vincentius
733 3104 792 3181 ipse
820 3104 957 3166 Caesenas
987 3107 1090 3167 iterum
1117 3107 1157 3167 de

176 3195 312 3267 Rubicone
337 3207 459 3283 antiquo
474 3202 609 3265 adversus
633 3201 821 3265 Ariminenses
836 3187 985 3280 scriptores
1015 3203 1158 3279 disputare

177 3302 301 3377 eggressus
319 3305 370 3365 esi.
401 3303 438 3365 Et
456 3303 529 3365 istud
549 3322 621 3380 opus
637 3304 668 3364 in
684 3299 754 3363 thes.
772 3302 859 3377 antiq.
878 3300 942 3363 itai.
955 3300 992 3366 T.
1006 3300 1083 3363 iaud.
1107 3322 1158 3365 oc·

177 3402 259 3463 currit
294 3398 486 3465 Claromontii
503 3401 553 3463 iric
579 3401 692 3477 vestigia
719 3399 806 3476 legit,
842 3398 957 3477 ejusque
974 3398 1078 3478 piacita
1107 3404 1159 3465 ad·

178 3500 257 3561 versus
280 3522 426 3581 nuperum
446 3502 589 3579 quendam
605 3498 811 3561 Ariminensem
830 3498 1094 3576 hypodidascaIum,
1106 3501 1156 3575 qui

176 3590 254 3658 forsan
278 3600 330 3677 ipsi
355 3599 484 3661 Villanus
506 3600 566 3673 est,
593 3598 751 3673 defendit,
782 3616 877 3675 neque
907 3600 1045 3661 conviciis
1066 3597 1156 3674 parcit

176 3688 287 3759 strenuus
311 3698 441 3759 bellatur·

208 3791 240 3855 in
254 3798 361 3859 eudem
379 3797 500 3859 thesauri
516 3794 663 3873 voiuptinc
679 3816 766 3881 porro
783 3800 812 3861 dt
826 3795 856 3857 P.
874 3795 918 3857 iii.
933 3794 1059 3855 Karinae
1083 3805 1156 3877 opus

178 3903 257 3965 extat,
282 3897 329 3956 cui
346 3897 370 3957 iu
384 3896 535 3960 Fauentiae
548 3897 694 3961 redivivae
713 3896 830 3957 titulum
855 3894 979 3966 fecerat,
1020 3889 1155 3965 quodque

177 3984 315 4054 Fauentiae
338 3994 432 4056 formu
453 4008 501 4069 4ta
515 4014 590 4055 anno
611 4005 691 4073 1⁶70
709 3994 874 4071 adspexerat
890 3989 993 4051 lucem.
1025 3986 1079 4046 Hic
1097 3988 1157 4046 Ari.

173 4086 336 4161 mirenfium
370 4092 679 4178 rursustatrocinium
702 4091 911 4177 suscipiendum
947 4099 1043 4152 ratus,
1081 4082 1157 4165 Vibii

697 4213 775 4279 ,itia
