3225 5017
514 478 587 536 nn
648 474 858 581 caurus
945 456 947 463 ’
1097 490 1172 564 4¹1

181 638 228 701 vel
255 634 426 708 moeretur,
447 633 526 713 quod
546 654 617 693 mare
635 634 781 712 defignat,
808 654 825 695 a
844 632 894 696 litu
910 636 946 697 ad
963 656 1040 698 mare
1056 637 1093 700 fio
1105 640 1176 703 salu·

181 739 232 798 tati
256 736 331 800 lunt,
365 734 430 811 Qua
447 748 526 810 parte
542 732 648 794 fuerint
670 732 777 793 Galliae
798 732 948 811 Belgicae,
970 736 1055 797 docet
1078 740 1178 801 Strabo

179 837 212 897 L.
231 834 279 897 tv.
304 854 332 910 p.
363 852 429 908 ¹94·
464 831 516 893 ubi
544 832 612 892 hinc
639 832 686 891 ad·
703 850 781 892 mare
806 830 872 893 fitos
908 832 1013 902 refert,
1041 834 1120 898 illinc
1141 840 1179 899 ad

179 934 363 995 Arduennam
390 930 488 990 lilvam
512 931 683 1007 pertingere.
719 930 762 991 De
782 928 860 991 Iccio
881 930 1063 995 Morinorum
1089 952 1176 1013 portu

179 1049 248 1093 nota
270 1030 310 1091 eil
326 1028 524 1091 controverlia.
563 1029 679 1105 Oppida
698 1047 758 1088 noo
774 1027 901 1091 habuisse
923 1044 1039 1108 gentem
1050 1032 1174 1096 Caesaris

180 1145 329 1208 tempore,
349 1126 397 1190 led
423 1131 453 1188 in
474 1128 592 1205 tuguriis
617 1124 770 1195 habitalle,
790 1145 826 1187 ex
843 1126 936 1189 Dione
960 1127 1050 1190 Callia
1070 1134 1179 1197 constat

180 1228 212 1291 L.
223 1226 371 1289 XXXlX.
389 1246 414 1286 c.
430 1246 480 1300 44.
501 1226 597 1305 postea
617 1224 742 1287 struxille
762 1224 864 1300 urbes,
877 1218 1066 1290 ¹Ptolemaeus
1088 1231 1181 1295 osten·

181 1326 224 1385 dit
239 1325 426 1388 &itineraria
444 1323 483 1390 cf.
498 1322 634 1387 Cellarius
650 1325 687 1385 N.
702 1324 739 1384 O.
756 1326 789 1386 A.
809 1324 841 1389 L.
860 1324 896 1387 ll.
912 1345 937 1391 c.
955 1327 1117 1405 3.lecl.15.
1138 1331 1174 1395 Ο.

572 1488 772 1573 Numidae

229 1686 364 1750 Lucanus
391 1684 423 1747 L.
441 1684 491 1747 lv.
512 1704 539 1747 v.
566 1690 637 1761 676.

397 1816 411 1831 ·
490 1780 585 1864 populi
610 1800 650 1841 tot
675 1782 761 1863 castra
778 1775 944 1862 liquuntur,

306 1882 466 1957 Autololes,
485 1881 672 1960 Numidaeque
697 1880 782 1964 uagi,
796 1876 950 1963 simperque
962 1900 1080 1963 paratus

306 1980 411 2041 Inculto
439 1978 573 2047 Gaetulus
601 1998 666 2059 equo
762 2017 775 2031 ·
856 2019 868 2032 -
1036 1998 1174 2049 Hussuu·

222 2106 365 2183 Indigena
386 2104 419 2171 fit
444 2104 637 2167 Numidarum
655 2100 833 2179 adpellatio,
857 2121 894 2164 an
921 2102 1068 2167 aGraeco
1091 2106 1181 2182 Νομά-

181 2206 226 2277 lav
240 2205 421 2279 derivanda,
452 2202 604 2281 disputant.
636 2199 741 2264 Plinius
763 2201 795 2263 L.
814 2196 848 2263 V.
879 2220 904 2263 c.
927 2222 952 2280 3.
985 2203 1128 2281 vulgarem
1149 2210 1178 2269 de
1302 2194 1306 2203 ⁵

180 2304 259 2380 apud
285 2318 392 2363 veteres
421 2320 567 2379 receptam
596 2301 763 2380 opinionem
786 2299 929 2377 sequitur:
962 2303 1008 2362 Ab
1037 2300 1178 2391 Ampsaga

180 2400 315 2460 Numidia
334 2402 385 2481 esi,
412 2394 563 2479 Masmffie
582 2398 659 2459 clara
681 2401 800 2474 nomine,
832 2401 1012 2485 Metagonitis
1048 2419 1119 2462 retra
1158 2426 1178 2463 a

163 2501 298 2563 xGraecis
328 2497 488 2581 adpellata:
519 2498 657 2556 Numidae
688 2520 750 2559 vero
775 2498 915 2557 Nomades
935 2521 954 2557 a
987 2502 1173 2582 pennatandis

175 2598 307 2681 pabulis,
333 2596 455 2678 mapalia
475 2590 548 2672 sua,
575 2597 625 2657 ltoc
645 2597 680 2674 esi
703 2599 816 2672 domus,
843 2595 971 2679 plaustris
994 2595 1177 2679 circumferen-

179 2716 227 2757 tes.
254 2697 349 2775 Negat
364 2696 435 2755 haec
454 2686 486 2755 ll.
513 2694 621 2757 Vollius
640 2698 676 2757 ad
695 2696 814 2757 tllelam.
831 2696 862 2759 L.
878 2696 900 2759 l.
918 2716 943 2758 c.
963 2702 1022 2760 6&
1045 2718 1073 2777 7.
1086 2698 1178 2760 osten·

181 2799 283 2875 dirque
303 2793 493 2873 llletagonitin
517 2815 665 2876 nunquam
683 2794 853 2857 dietamelle
868 2796 1052 2871 Numidiam,
1073 2798 1178 2858 deinde

179 2892 308 2968 taalulim
330 2893 443 2964 ammi,
466 2914 573 2955 nomen
595 2895 672 2972 apud
707 2911 816 2956 veteres
846 2894 938 2957 multo
968 2895 1050 2957 latius
1082 2912 1178 2973 patera

180 3016 269 3073 quarn
290 2995 488 3056 Numidarum.
521 2994 653 3055 Tandem
677 2995 834 3069 jocularem
864 2992 922 3054 elle
943 3013 1068 3055 errorem
1093 2996 1179 3057 iuter.

179 3099 271 3175 pretia
295 3094 457 3169 Strabonis,
480 3094 529 3173 qui
545 3094 669 3170 ubique,
689 3095 774 3155 etium
788 3094 819 3152 in
833 3092 968 3174 Scythia,
991 3092 1041 3153 ubi
1070 3087 1180 3164 tamilla·

180 3198 219 3257 est
239 3196 376 3263 mentio,
396 3194 535 3255 Numidas
558 3192 705 3257 lubllituit.
744 3190 880 3252 Cellarius
913 3190 944 3250 L.
965 3189 1013 3249 lV.
1051 3207 1115 3266 cap.
1148 3210 1176 3263 ς.

179 3296 318 3358 barbarae
337 3294 444 3372 regioni
462 3293 613 3354 barbarum
633 3309 740 3352 nomen
760 3286 867 3362 inille,
896 3301 956 3349 non
984 3285 1115 3359 dubitat,
1133 3286 1180 3347 cui

180 3395 286 3456 Graeci
309 3392 414 3453 seilicet
438 3393 511 3455 istud
529 3391 623 3451 lrmilis
649 3389 708 3449 fere
731 3387 791 3449 loni
810 3406 918 3447 nomen
934 3386 1100 3448 Nomadum
1114 3382 1179 3447 ldb·

178 3493 334 3557 stitueriut.
358 3493 452 3570 Quam
474 3489 583 3551 diversa
605 3490 637 3550 lir
657 3489 833 3551 diverlorunr
851 3494 998 3549 auctorum
1024 3484 1179 3561 Numidia,

179 3593 262 3671 apud
287 3591 413 3653 eundern
437 3590 505 3652 lcite
534 3588 701 3667 explicitum
725 3588 821 3648 hahes.
863 3586 920 3649 Cur
949 3586 1065 3645 Mauras
1097 3596 1181 3644 vocet

179 3679 325 3754 Numidas
348 3691 467 3767 noller,
491 3689 586 3769 paullo
607 3705 675 3749 ante
695 3688 828 3749 diximus.
853 3684 926 3747 llere
939 3682 1045 3745 scilicet
1062 3698 1097 3739 ex
1112 3660 1182 3739 Ter-

180 3792 294 3856 tulliani
315 3790 499 3862 testimonio,
516 3804 616 3851 contra
633 3788 757 3863 ludaeos
777 3807 803 3850 c.
831 3805 858 3865 7.
896 3784 976 3850 fuere
1008 3776 1180 3840 Gaetulorum

181 3895 333 3955 varietates
353 3891 381 3958 ὃ·
405 3892 564 3950 Maurorum
588 3888 667 3950 multi
678 3887 758 3968 fiaes.
800 3882 838 3951 O.

614 4081 752 4167 *aa*
