3225 5017
469 465 547 547 ¹54
678 453 861 512 aroana
918 455 1230 536 uxnroaum

463 627 550 696 etque
570 613 670 678 Oaxus
683 612 760 674 ditia
773 609 844 683 fuit,
866 612 1111 688 quemadmodum
1130 613 1178 678 vel
1202 615 1247 680 rie
1265 614 1383 693 &agdo
1397 640 1440 698 ap.

464 714 598 795 pellatia,
610 712 686 789 apud
698 711 831 788 antiquos
852 708 971 789 subinde
988 731 1157 788 occurrens,
1171 712 1223 776 tibi
1242 715 1327 778 debet
1343 719 1439 794 persua

465 815 551 888 dere;
573 812 643 891 quin
663 810 753 872 Oxim
771 808 894 869 omnino
914 808 1024 886 aliquos
1041 811 1138 872 dixille
1155 812 1246 875 Oxiae
1269 813 1374 891 paludis
1396 835 1440 874 no

463 895 549 984 men,
572 909 651 987 quod
672 906 724 968 tibi
740 925 788 967 me
803 908 881 983 apud
899 923 1007 973 veteres
1022 909 1117 988 legille
1138 930 1191 989 pro
1210 928 1289 973 certo
1305 914 1441 987 confirmo,

462 1011 563 1089 arguit.
607 1008 712 1069 Oaxim
724 1024 794 1068 vero
812 1006 936 1084 denique
956 1027 1008 1086 pro
1028 1009 1129 1083 Oxim,
1147 1029 1184 1070 ne
1198 1011 1301 1072 iterum
1324 1011 1441 1072 adversus

462 1107 699 1174 commoditatem
720 1106 873 1167 decurrere
895 1105 1005 1168 neceffe
1029 1107 1080 1182 lat,
1111 1108 1197 1169 etiam
1231 1107 1333 1171 Plinius
1359 1109 1440 1181 dixit,

460 1209 539 1289 apud
554 1225 640 1286 quem
666 1205 745 1267 lacus
766 1205 866 1267 Oaxus
881 1203 948 1277 ille,
971 1206 1019 1283 qui
1034 1207 1112 1267 amni
1130 1206 1226 1268 nostro
1253 1226 1306 1284 pro
1329 1205 1442 1267 funibus

461 1308 518 1383 eli,
543 1303 711 1384 appellatur.
775 1316 909 1366 lsElltlS
929 1303 958 1362 in
973 1303 1082 1385 epistola
1102 1306 1142 1365 ad
1155 1305 1357 1367 &laberium

504 1419 599 1483 Locus
615 1414 723 1495 Virgilii
745 1413 844 1496 Eclog.
865 1415 900 1491 l,
928 1437 955 1478 v.
976 1423 1024 1479 66.
1053 1417 1249 1482 difficultatem
1281 1419 1370 1481 haber
1393 1437 1443 1478 noo

460 1519 605 1597 exiguam.
647 1514 681 1576 ln
700 1514 790 1576 Servii
813 1514 990 1592 expositione
1006 1518 1146 1593 quaedam
1173 1531 1272 1596 aperte
1290 1517 1353 1579 falla
1373 1515 1442 1587 sunt,

462 1615 601 1698 quaedam
619 1614 745 1687 incerta,
768 1631 836 1673 narn
852 1613 930 1691 quod
946 1613 1061 1676 Oaxem
1078 1615 1304 1694 lllelopotamiae
1321 1617 1385 1680 fluv.
1397 1612 1444 1674 elle

462 1716 550 1788 dicit,
569 1714 600 1775 id
619 1711 758 1792 nusquam
775 1710 843 1772 alibi
858 1710 905 1772 vel
925 1712 1034 1789 pitium
1057 1712 1104 1774 vel
1130 1713 1230 1776 fletum
1255 1714 1301 1776 vel
1324 1713 1443 1790 scriptura

462 1816 583 1895 opinor,
605 1831 640 1874 ac
660 1810 799 1890 proinde,
819 1809 945 1872 Salmasri
967 1810 1138 1873 sententiam
1170 1801 1444 1888 secutusltanquam

462 1912 643 1992 nugatorium
662 1910 770 1985 rejicio.
813 1906 896 1972 Idem
914 1927 983 1970 mox
998 1909 1088 1984 alios,
1112 1923 1145 1974 ut
1168 1912 1303 1985 videtur,
1331 1913 1445 1972 autiorer
1498 1977 1499 1986 ἵ

461 2013 595 2087 secutus,
618 2010 730 2073 Oaxem
752 2025 814 2070 non
831 2008 949 2081 Cretae,
972 2007 1020 2069 sed
1045 1987 1269 2088 Scythiae⁸lluu
1292 2008 1346 2070 elle
1365 2007 1445 2069 tradit.

461 2113 520 2177 Sed
534 2111 592 2173 hoc
611 2126 726 2186 quoque
744 2126 804 2167 non
819 2106 875 2168 fert
892 2106 1046 2170 Politianus
1068 2107 1099 2170 L.
1125 2107 1149 2174 l.
1176 2107 1298 2172 Miscell.
1323 2126 1381 2185 cap.
1404 2123 1442 2182 37.

463 2210 636 2276 &Servium
654 2207 740 2269 foede
763 2205 862 2267 errasse
890 2205 1051 2284 praefatus,
1087 2205 1116 2267 se
1142 2206 1260 2269 Oaxem²
1280 2207 1376 2268 Cretae
1400 2201 1442 2262 inl.
1498 2237 1499 2268 ÷

461 2311 582 2374 fluvium
598 2309 727 2384 accipere
751 2305 790 2366 ait
805 2304 849 2366 his
868 2304 905 2365 de
927 2305 1034 2378 caulas,
1061 2305 1141 2382 quod
1165 2309 1243 2368 inter
1268 2309 1329 2382 ejus
1351 2300 1444 2365 insulae
1498 2293 1499 2378 l

461 2408 566 2472 fluvios
587 2404 687 2466 Vibius
708 2403 855 2480 Sequester
876 2403 988 2464 Oaxem
1013 2417 1172 2479 memoret,
1190 2425 1208 2466 a
1229 2425 1287 2483 quo
1303 2406 1402 2475 etiam,
1417 2412 1444 2462 ut
1498 2389 1499 2444 ἶ

461 2505 510 2568 llle
528 2516 628 2582 prrtat,
649 2502 748 2563 civitas
764 2501 856 2562 Oaxia
880 2501 910 2561 in
927 2502 1027 2563 eadem
1058 2501 1148 2566 insula
1187 2505 1266 2568 dieta
1294 2504 1346 2574 sat,
1379 2498 1445 2580 quod

338 2607 358 2679 ,⁶
463 2588 631 2682 dpodonius
647 2599 779 2662 Rhodius
798 2600 830 2659 in
855 2601 1050 2678 Argonauticis
1072 2601 1186 2664 Cretam
1205 2603 1338 2666 tellurem
1348 2599 1445 2664 Oaxida

461 2701 669 2784 appellaverit,
692 2698 928 2776 denique,quod
946 2701 1047 2760 rationi
1066 2703 1241 2777 conveniat,
1256 2717 1289 2765 ut
1311 2707 1391 2781 podta
1403 2718 1446 2776 po·

461 2802 575 2882 pularee
596 2799 660 2860 suos
675 2811 737 2858 toto
761 2796 831 2857 orbe
853 2797 1007 2874 dispersum
1032 2800 1065 2859 iri
1093 2799 1278 2878 ostensurus,
1315 2802 1351 2862 de
1368 2794 1446 2860 insula

461 2917 577 2978 quoque
591 2899 621 2958 in
637 2897 732 2957 medio
759 2894 847 2957 ueluti
870 2898 939 2956 mari
957 2897 1168 2960 lllediterraneo
1184 2899 1254 2974 lita,
1285 2917 1354 2963 tunc
1377 2896 1446 2960 &oe

419 3049 422 3055 .
460 2998 565 3072 altera,
582 2995 696 3073 penitus
719 3007 780 3055 toro
796 2993 866 3055 orbe
883 2994 989 3069 divisa,
1010 3011 1158 3060 memoret.
1219 2999 1295 3060 Cum
1321 2976 1447 3060 Politiano

460 3113 577 3177 quoque
591 3093 674 3154 sentit
683 3092 826 3154 Brodaeus
842 3091 865 3154 l.
893 3093 1013 3158 lllil'cell.
1037 3115 1062 3160 c.
1082 3113 1128 3173 39.
1157 3099 1185 3160 dr
1211 3099 1386 3178 Agricolam,
1406 3091 1447 3171 qui

461 3197 575 3285 Oaaem
595 3192 727 3273 Scythiae
751 3193 872 3254 fluvium
893 3192 948 3254 elle
973 3195 1101 3269 dixerat,
1126 3196 1334 3274 reprehendit,
1364 3211 1393 3260 ut
1413 3208 1448 3252 te·

462 3313 540 3355 mere
562 3291 928 3372 minutosglollographos,
951 3313 1009 3370 quo
1024 3295 1141 3354 nomine
1162 3294 1297 3356 Servium
1315 3293 1447 3371 designat,

458 3391 597 3454 secutum.
641 3392 776 3453 Rationes
792 3390 857 3453 suae
879 3391 1034 3453 sententiae
1054 3392 1147 3456 adfert
1175 3393 1269 3468 duas,
1303 3390 1445 3456 auctorita·

458 3497 521 3554 ern
535 3489 670 3551 nimirum
688 3489 781 3563 Vibii,
804 3492 833 3552 dr
856 3484 934 3568 quod
958 3491 1056 3554 Oaxus
1081 3491 1228 3568 Stephano
1260 3496 1288 3556 dr
1310 3491 1448 3554 Herodoto

460 3588 577 3654 teliibus
596 3587 663 3650 urbs
683 3589 783 3650 Cretae
799 3589 895 3650 fuerit.
957 3593 1048 3669 Atque
1080 3591 1153 3653 hanc
1180 3593 1350 3670 opinionem
1373 3589 1450 3650 etiam

302 3786 306 3799 ἡ
375 3690 378 3694 ’
458 3685 729 3769 sequiturCellarius
740 3687 770 3749 L.
784 3687 822 3749 ll.
836 3686 938 3766 Geogr.
951 3690 1044 3768 Antiq.
1063 3709 1088 3751 c.
1106 3709 1153 3764 ¹4·
1161 3689 1280 3765 iisdem,
1291 3688 1390 3768 quibus
1403 3683 1448 3755 illi,

461 3786 616 3853 redonibus
637 3788 752 3860 niens,
774 3788 803 3848 dr
827 3785 865 3848 ob
892 3805 938 3848 eas
958 3807 1018 3849 non
1040 3787 1233 3850 dubitandum
1255 3787 1312 3849 elle
1336 3787 1449 3855 dicens,

409 3937 413 3944 .
456 3891 531 3968 'quin
546 3889 578 3948 in
594 3886 679 3950 Creta
699 3886 784 3950 fuerit
803 3887 898 3949 Oaxes
918 3887 1047 3962 fluvius,
1074 3885 1239 3964 praesertim
1271 3885 1387 3964 Virgilio
1408 3878 1450 3942 ad·

409 4035 412 4042 .
461 3987 609 4061 firmante,
634 3989 661 4048 δι
687 3984 893 4064 comprobante
908 3987 1025 4047 etinme
1047 3985 1172 4048 Varrone
1186 3985 1275 4047 Vibio
1298 3980 1448 4062 Sequestro.

456 4083 517 4146 ‘Sed
529 4083 698 4147 Politianum
709 4083 833 4161 refellit,
851 4100 883 4147 ur
895 4087 966 4148 mihi
987 4086 1102 4164 quidem
1120 4087 1231 4150 videtur
1241 4129 1252 4161 ,
1264 4106 1325 4148 non
1340 4081 1450 4148 omnino
