3225 5017
455 446 533 527 180
673 416 857 517 moron
913 452 1228 523 vnnronum

452 617 652 683 testimonium·
666 613 858 679 clarissimum
871 616 926 679 eise
951 616 1139 697 pronuntiat,
1167 635 1255 700 atque
1282 642 1324 685 ex·
1341 623 1447 687 itinere

452 718 592 793 Caesaris,
612 734 698 793 quem
715 716 888 791 Suetonius,
906 719 1050 795 Appianus
1072 719 1175 798 nisique
1186 717 1239 795 sub
1258 722 1346 781 lucem
1366 724 1444 801 (pri⁴

452 820 552 893 mam)
576 816 612 877 ad
626 813 812 877 Rubiconem
829 819 857 877 dr
872 816 971 897 paulin
985 836 1047 877 arte
1061 818 1130 877 diem
1147 818 1193 879 vei
1213 820 1287 879 circa
1307 812 1380 895 solis
1404 842 1444 879 or.

452 936 507 978 rum
529 911 684 992 pervenisse
707 913 867 975 Ariminum
884 915 1035 991 testantur,
1064 916 1217 979 meridiana
1243 917 1307 980 luce
1340 917 1443 981 clarino

398 1020 402 1030 ’
452 1030 547 1094 patere
572 1013 630 1087 ait,
662 1013 855 1089 propinquum
875 1014 1002 1075 Arimino
1022 1014 1202 1077 Rubiconem
1223 1014 1352 1077 extitisse„
1386 1016 1445 1077 Ne·

451 1133 507 1193 qne
522 1114 575 1173 iter
590 1106 662 1173 illud
682 1110 793 1189 prorsus
817 1109 865 1171 sen
887 1110 1048 1174 milliarium
1068 1112 1170 1188 fuisse,
1187 1113 1297 1175 calculo
1315 1112 1445 1175 instituto

454 1211 596 1285 declarat,
625 1228 696 1288 quae
714 1209 836 1287 proinde
854 1209 986 1273 distantia
1007 1210 1139 1275 iocorum
1155 1213 1192 1273 nd
1208 1210 1346 1289 spatium,
1365 1210 1444 1289 quod

453 1309 605 1373 Rubicone
634 1307 670 1368 ad
686 1306 786 1368 urbem
807 1308 966 1371 Ariminum
979 1310 1154 1385 intercedit,
1173 1310 1264 1389 probe
1290 1311 1423 1389 quadret.

497 1406 610 1484 Quibus
631 1405 741 1482 scriptis
757 1406 900 1483 utrimque
916 1425 949 1468 ea
970 1406 1004 1469 lic
1030 1409 1099 1469 inde
1124 1409 1160 1471 ab
1180 1430 1207 1473 a.
1241 1419 1320 1487 ¹⁶70
1353 1408 1447 1471 conti·

453 1524 539 1569 nuata
558 1505 608 1579 stt,
635 1523 694 1565 nnn
716 1502 861 1565 succurrit
892 1506 1106 1584 Nupertemen
1123 1507 1157 1570 R.
1178 1508 1209 1569 P.
1241 1505 1369 1585 Angelus
1393 1506 1446 1569 Ca·

450 1603 578 1683 lugieta,
598 1600 819 1664 ermaldulenfis
834 1602 941 1664 ordinis
962 1604 1135 1679 monachus,
1160 1604 1311 1667 fesciculos
1323 1604 1446 1683 opuscu-

451 1704 563 1778 lorum,
584 1715 616 1763 ut
642 1700 740 1763 italice
764 1700 863 1774 effert,
903 1700 1122 1765 scientificnrum
1151 1706 1180 1766 bt
1204 1702 1447 1781 philologicnrum

453 1804 689 1881 edidit,quorum
704 1814 784 1878 parte
802 1801 1031 1879 quinquagesima
1047 1802 1204 1880 eademque
1230 1801 1351 1874 ultima,
1368 1801 1448 1861 edita

453 1901 571 1965 Arimini
585 1918 614 1961 a.
630 1906 730 1976 1756,
753 1898 823 1961 duas
839 1898 967 1961 recenset
989 1899 1138 1978 epistolas,
1162 1902 1199 1963 ad
1225 1902 1347 1963 eandem
1375 1919 1449 1961 cou-

455 1997 618 2061 trnversram
633 1998 817 2074 pertinentes.
862 1997 923 2059 liiiu
940 1998 1007 2073 Joh.
1032 1998 1172 2075 Blaneut,
1200 1999 1289 2079 vulgo
1307 1999 1448 2075 Bianchi,

454 2098 541 2161 Gubr.
558 2096 633 2160 Mat.
649 2094 850 2157 Guastuzzium
867 2096 963 2158 denuo
985 2116 1040 2175 pro
1057 2092 1152 2173 Lusn,
1178 2112 1277 2160 contra
1286 2098 1321 2159 R.
1332 2097 1450 2159 Patrem

455 2197 523 2274 Juh.
542 2193 683 2275 Angelum
701 2193 813 2255 Settatn
835 2213 888 2271 pro
904 2188 1065 2271 Pisciatello
1081 2197 1256 2258 contendere
1270 2198 1366 2258 docet.

495 2294 587 2359 mins
603 2291 701 2367 italis,
726 2291 893 2355 Cluverium
911 2294 1027 2355 tandem
1053 2294 1152 2356 audire
1181 2294 1282 2368 iubet,
1304 2295 1355 2371 qui
1377 2307 1451 2373 ente

454 2394 620 2469 Scipionem
638 2388 862 2451 elaranontium
884 2390 1012 2469 scripsit,
1034 2394 1110 2454 &in
1125 2392 1187 2455 Ital.
1200 2407 1257 2455 ant.
1274 2393 1305 2456 i.
1323 2412 1350 2454 c.
1385 2394 1453 2457 Ru·

414 2522 417 2531 ⁴
454 2492 588 2555 biennem
602 2507 661 2549 nnn
688 2502 746 2549 tam
762 2488 855 2565 ipsum
871 2488 1048 2564 Pisateiium,
1066 2510 1152 2569 quam
1180 2494 1277 2569 potius
1299 2490 1405 2567 iilum,
1418 2494 1451 2553 in

395 2652 398 2665 ,
455 2607 542 2669 quem
562 2584 704 2649 Pisateilus
718 2586 838 2661 incidit,
861 2588 965 2665 cuique
979 2588 1091 2670 Rugone
1105 2588 1151 2652 vel
1170 2592 1271 2671 Rigore
1295 2589 1343 2651 vel
1359 2591 1452 2653 etiam

456 2688 563 2770 Urgent
577 2682 693 2762 vulgare
715 2703 823 2749 nomen
837 2685 900 2758 eii,
922 2704 959 2747 ex
980 2689 1097 2764 antiquo
1123 2690 1271 2750 Rubiconis
1290 2689 1451 2767 residuum,

455 2786 510 2845 esse
534 2784 636 2845 statuit.
681 2781 727 2845 Est
742 2796 839 2844 eutem
855 2784 949 2857 idem,
968 2803 1055 2862 quem
1068 2784 1151 2863 supra
1175 2782 1316 2868 Argoffarr
1334 2786 1453 2850 salutari

451 2881 618 2959 scripfimus.
663 2878 737 2941 Dein
758 2880 914 2942 Rubiconis
934 2882 1094 2943 niiiunr'ab
1124 2883 1199 2959 alin,
1225 2903 1317 2962 quem
1334 2886 1454 2949 itidem
1501 2891 1503 2908 ⁴

400 3012 403 3017 ν
457 2978 554 3059 paullo
571 2978 689 3041 inferius
703 2979 824 3057 recipit,
845 2980 989 3043 Sabiniani
1008 2980 1115 3044 scilicet
1136 2984 1300 3057 amnicuin,
1315 2982 1405 3060 firnrre
1422 2986 1454 3043 δι’

451 3081 606 3163 Sanignano
621 3079 716 3140 vocari
729 3078 817 3139 addit.
841 3079 935 3141 Litenr
955 3082 1066 3160 egregie
1082 3081 1224 3143 conficere
1242 3080 1335 3160 posset
1349 3082 1455 3143 Then-

451 3178 568 3260 dustanav
586 3176 704 3253 tabula,
737 3176 875 3256 srquidem
897 3177 1030 3251 lncomm
1061 3179 1190 3241 distantia
1216 3180 1344 3242 curatius
1370 3178 1454 3241 foret

448 3276 587 3355 expressa.
624 3278 726 3355 Neque
740 3277 916 3341 Ptolemaeus
931 3280 1082 3357 quicquam
1100 3276 1166 3339 heic
1188 3277 1291 3353 efficit,
1337 3276 1455 3356 quippe

452 3376 530 3452 apud
556 3393 642 3453 quem
668 3374 824 3439 Rubiconis
845 3378 914 3439 ostia
941 3378 1015 3441 inter
1033 3377 1201 3442 Ravennam
1226 3378 1255 3441 dt
1281 3377 1453 3441 Ariminum

449 3473 622 3543 indicantur.
663 3474 703 3539 Ο.

823 3590 826 3594 ’
860 3558 1022 3699 Rutuba

495 3806 563 3885 Eius
588 3806 719 3873 meminit
739 3765 873 3869 Lucnnut
895 3806 927 3869 L
941 3806 978 3870 11.
1003 3826 1033 3871 r.
1054 3827 1126 3874 ter.

574 3906 739 3967 Dexteriora
760 3924 857 3988 petens
875 3906 972 3966 montis
995 3908 1115 3987 decliuia¹
1139 3905 1236 3969 Turba
1333 3906 1355 3923 “

578 4006 660 4065 Unda
673 4000 769 4084 stetit,
792 4006 978 4085 Rutubarnqut
1008 4026 1114 4072 cavam.

452 4101 488 4163 cs.
504 4100 637 4166 cessarint
659 4105 694 4166 G.
715 4104 748 4167 A.
772 4104 803 4170 L.
823 4102 861 4171 tt
885 4124 914 4172 r.
932 4122 1004 4180 421.
1036 4118 1173 4169 necent.
1277 4102 1457 4169 Maritimae
