3225 5017
431 494 434 499 ·
488 482 579 555 nu‘
643 442 909 557 catastas¹
1093 490 1169 593 393

174 696 179 705 .
213 651 366 736 sumpte)
390 651 480 715 uem
500 652 538 716 fic
554 652 617 717 us.
638 653 797 717 nestoras.
820 654 941 719 Thraca
966 658 1044 723 enim
1077 660 1118 723 est
1142 663 1173 727 an
1290 648 1296 655 '

165 754 308 833 Europa,
331 770 392 814 non
411 753 442 813 in
461 752 531 814 hsta.
553 753 697 815 Praeterea
719 756 803 817 Getae
822 752 952 817 habitant
971 767 1047 819 trans
1063 758 1176 829 Istrum.

166 852 239 915 Ister
256 853 361 916 fluvius
379 851 522 929 Europae.
545 851 665 931 Egregie
690 851 791 914 Strabo
815 852 847 915 Ι..
867 852 930 915 vt1.
972 874 1004 937 p,
1022 876 1090 937 303.
1122 856 1175 920 aar

167 949 221 1025 γὰρ
256 948 315 1023 ip*
339 949 408 1024 tipicis
431 952 491 1016 703»
509 948 618 1017 Ἀιλιῷι
637 950 718 1012 advos
737 945 876 1025 μιᾘκησιν
897 953 924 1007 ie
944 952 989 1015 rsit
1019 954 1122 1031 arryat'up
1141 962 1177 1019 rii

166 1047 242 1124 ''lfys
262 1048 332 1106 aim
359 1042 495 1121 pavissent
515 1043 641 1122 συμᾶτον
677 1046 746 1121 eapti
765 1047 815 1104 reis
836 1044 938 1125 restit,
968 1050 1112 1127 immisse
1127 1068 1177 1119 τοῖς

170 1151 266 1224 Θρᾳξὶν
289 1147 370 1210 isses,
403 1155 435 1209 ιῖς
457 1145 501 1209 vair
529 1141 646 1225 Θρᾴκην,
667 1146 743 1219 tyriis
765 1144 871 1203 atsaiw
896 1144 978 1211 &visit
1005 1149 1098 1233 Mutet
1122 1176 1174 1211 m*

170 1239 462 1316 asprimoaorrov.
548 1246 666 1323 Septem
682 1243 822 1312 Thraciae
836 1245 952 1325 populis
977 1247 1054 1313 haud
1074 1270 1176 1315 accen.

169 1329 321 1405 set‘Geras
343 1344 527 1419 Herodotus,
560 1363 631 1421 quos
648 1344 680 1410 Ι..
702 1342 767 1406 Vll.
796 1364 824 1411 c.
852 1366 918 1409 110.
941 1364 1112 1427 enumerat,
1145 1356 1175 1415 Sc

175 1460 230 1519 per
254 1462 326 1519 quos
348 1444 401 1503 iter
417 1442 523 1505 factum
543 1443 637 1505 Xerxi
663 1455 769 1504 narrat.
815 1441 893 1510 Inter
917 1444 1051 1525 Scythiae
1066 1448 1176 1513 Noma.

172 1540 227 1600 des
250 1554 328 1601 trans
347 1540 447 1603 istrum
463 1540 648 1615 habitabant,
676 1540 873 1627 superandum
888 1544 1078 1621 ,Alexandrm
1115 1548 1178 1611 bel-

172 1638 237 1701 lum
260 1639 316 1701 iilis
332 1638 451 1704 illaturo.
483 1660 510 1703 v.
526 1641 659 1701 Arrianus
673 1640 711 1700 de
728 1658 795 1718 exp.
812 1640 895 1705 aler.
921 1642 952 1705 L.
974 1642 997 1707 1.
1018 1664 1043 1705 c.
1065 1664 1091 1723 ς.
1128 1644 1178 1707 Ἦ.

173 1736 240 1800 bius
262 1738 349 1816 vulgo
369 1750 516 1816 receptam
535 1739 612 1816 apud
632 1738 755 1800 Graecos
776 1739 945 1817 opinionem
978 1741 1090 1805 secutus
1119 1744 1180 1813 Gev,
1311 1728 1315 1735 ¹

174 1849 219 1897 tas
240 1837 278 1897 ad
302 1836 427 1899 Thraces
453 1836 548 1902 refert.
569 1857 599 1903 v.
619 1836 720 1898 Strabo
745 1836 776 1899 L.
800 1836 864 1899 vll.
887 1858 916 1917 p.
936 1856 1002 1918 303.
1031 1840 1079 1902 sed
1105 1863 1179 1921 quae

175 1935 256 2013 apud
277 1935 357 2002 hune
379 1935 582 2015 Geographum
607 1934 787 2014 sequuntur,
802 1954 889 2015 quam
914 1956 984 1999 vana
1006 1937 1040 2001 sit
1065 1958 1177 2003 memo«

175 2047 239 2095 rata
260 2034 382 2111 opinio,
416 2034 481 2097 satis
507 2034 663 2096 declarant.
695 2050 722 2096 s,
740 2043 859 2098 cnolx.
956 2036 1077 2100 Nullum
1104 2040 1176 2103 mihi

176 2132 319 2209 dubium,
342 2134 411 2211 quin
428 2133 480 2195 soli
502 2135 601 2203 Servio
616 2132 697 2212 supra
718 2134 807 2195 citato
834 2132 952 2197 effatum
977 2134 1058 2200 suum
1072 2136 1177 2201 debeat

177 2231 289 2295 Vibius.
311 2221 457 2296 Succeffu
479 2235 617 2311 temporis
640 2233 726 2292 Getae
744 2232 812 2294 dicti
836 2231 899 2295 sunt
915 2233 1000 2295 Gothi
1014 2231 1062 2299 vel
1077 2234 1175 2303 ,Gotti

176 2331 224 2395 lta
246 2330 409 2409 Spartianus
432 2333 464 2393 in
481 2331 624 2395 Caracalla
641 2350 667 2395 c.
688 2351 735 2401 ro,
761 2332 844 2391 Adde
865 2334 895 2413 fi
911 2330 1005 2415 placet
1026 2334 1175 2397 caal'cus

179 2444 366 2506 maxlth,
395 2431 468 2510 quod
484 2432 580 2493 Getam
600 2430 736 2490 occiderat
743 2425 860 2510 fratrem
888 2430 1010 2492 &Garri
1032 2433 1115 2493 Getae
1134 2433 1181 2504 dt,

179 2515 308 2591 tereretur.
331 2529 482 2592 &vennas
503 2548 665 2609 anonymus
689 2529 793 2603 pullos
813 2528 935 2608 amplius
967 2531 1051 2589 Getas
1071 2530 1179 2607 habet,

178 2643 210 2691 at
233 2629 344 2691 Gothos.
368 2630 405 2692 0.
490 2630 560 2691 Non
580 2628 620 2689 est
642 2626 768 2691 absimile
792 2646 880 2697 vero,
921 2622 1110 2710 Maffizgetas,
1142 2626 1181 2696 ari

181 2742 278 2792 ortum
300 2726 393 2806 Caspii
416 2727 500 2797 maris
517 2727 643 2805 positos,
670 2728 743 2789 olim
764 2726 802 2798 ad
830 2729 914 2797 Getas
945 2725 1026 2789 fuisse
1051 2725 1178 2801 relatos,

181 2846 306 2905 quorum
331 2825 426 2905 postea
449 2825 564 2889 colonia
580 2827 720 2888 exstitere.
755 2828 848 2904 Atque
875 2824 933 2886 hoc
959 2824 1052 2887 forsan
1067 2824 1180 2887 errandi

181 2923 296 2987 causam
315 2924 396 2990 dedit
411 2926 549 3005 Synesio,
568 2924 654 2989 Getas
676 2922 896 3005 Massagetasque
915 2937 991 2986 trans
1006 2923 1108 2999 Istrum
1128 2942 1180 2995 cm

182 3023 305 3101 pulanti.
327 3024 364 3094 de
379 3023 470 3104 Regu.
492 3046 523 3117 p.
552 3044 599 3089 η.
617 3039 677 3119 typ.
699 3044 758 3105 teg.
788 3040 816 3087 s·
837 3038 953 3101 cttth.
1057 3046 1060 3055 ·

613 3213 765 3299 Geloni

228 3442 383 3519 straciae)
405 3441 559 3517 Sarmatiae
579 3439 745 3518 Europaeae
768 3433 872 3508 eadat.
903 3450 1041 3501 nsssttt.
1126 3438 1181 3503 Ge·

185 3544 272 3613 lonos
299 3540 355 3603 esse
375 3540 498 3620 populos
528 3540 682 3618 Scythiae,
721 3556 822 3598 omnes
843 3535 969 3599 scribunt
998 3536 1181 3617 Geographip

184 3661 275 3723 quare
289 3640 457 3720 suspectum·
470 3639 525 3702 effe
544 3639 622 3701 hunc
639 3637 738 3700 locum
751 3682 761 3713 ,
775 3649 825 3701 aut
840 3635 956 3699 Vibium
984 3635 1064 3709 salli,
1088 3633 1184 3704 obser.

184 3756 236 3805 vat
257 3740 411 3807 Turnebus
431 3740 504 3802 hdv.
526 3735 692 3812 LXXIX.
710 3756 736 3802 c,
763 3742 813 3803 26.
835 3737 865 3798 in
892 3734 960 3797 fine.
990 3732 1086 3807 male,
1117 3750 1185 3795 cum

185 3839 342 3914 Thraciam
371 3857 452 3902 more
480 3838 656 3899 Graecorum
690 3856 744 3920 pro
772 3834 889 3917 Scythia
913 3832 1053 3910 usurparit
1074 3830 1183 3894 Vibius.

187 3948 368 4002 obsumus·
452 3934 593 3998 Thraciae
610 3935 716 3999 limites
735 3936 772 3999 ad
787 3932 966 4015 Borysthenis
983 3932 1059 4009 ripas
1073 3930 1186 3993 videtur

187 4036 317 4113 proferre
340 4032 449 4098 Vibius
480 4032 525 4095 lbi
551 4035 628 4096 enim
651 4034 817 4097 habitabant
837 4032 959 4105 Geloni,
982 4029 1190 4109 populusScy·¹

194 4135 298 4214 thiae,
326 4122 343 4197 a
360 4133 474 4197 Graecis
492 4152 527 4195 eo
549 4134 666 4195 nomine
688 4132 830 4197 salutatus.
843 4153 883 4199 y.
898 4130 1062 4203 Herodotus
1084 4129 1116 4203 L,
1137 4128 1187 4203 Is,

745 4255 835 4333 Bby
