3225 5017
437 484 518 569 394
681 474 867 538 notu-a
925 474 1244 537 vnnronum

434 666 461 711 t.
485 660 552 715 rep.
580 635 682 716 Scylax
705 650 758 695 eoa
781 630 1013 697 Melanchlaenio
1042 635 1153 697 vicinos
1177 635 1292 710 statuit,
1329 636 1445 718 perlpl,

433 764 466 827 p.
485 760 532 819 30.
549 738 596 801 ed.
616 732 689 797 Vols.
713 730 818 797 Geloni
845 750 898 811 pro
921 732 1078 796 Sarmatica
1094 734 1209 795 natione
1233 734 1342 806 habiti,
1361 738 1447 799 teste

432 836 712 916 StephanoByzant.
730 832 761 891 in
781 849 856 893 voce
880 831 998 891 tumul,
1038 852 1186 911 nunquam
1215 854 1269 913 pro
1293 835 1446 897 Thraciae

430 940 542 1007 incolit.
567 952 592 999 s.
609 946 727 995 cnolx.
813 928 891 991 Inter
910 929 1043 1007 Scythiae
1061 931 1224 1009 Europaeae
1239 933 1445 1011 populosHe-

432 1041 550 1108 rodotua
568 1032 590 1097 l.
614 1051 640 1093 c.
667 1026 844 1091 recenset&
871 1026 1009 1104 Gelonos,
1045 1050 1118 1108 quos
1146 1031 1177 1091 in
1204 1031 1330 1102 Bodinis,
1350 1032 1444 1093 habi.

430 1137 498 1205 talse
511 1124 670 1207 urbemque
692 1128 815 1207 ligneam
834 1128 1009 1201 maximam,
1037 1130 1207 1206 quaeditta
1222 1130 1254 1191 srt
1277 1130 1439 1202 Gelonos,

429 1232 557 1305 habuisse
575 1241 677 1291 narrat.
710 1226 797 1292 addit
826 1244 932 1305 porro,
952 1225 1022 1289 olim
1053 1227 1179 1291 Gelonos
1207 1228 1287 1293 fuisse
1304 1230 1441 1293 Graecos

431 1341 461 1402 ἃ
480 1335 577 1411 lingua
600 1342 664 1389 tum
689 1324 797 1399 Graeca
817 1338 878 1417 tum
898 1324 1034 1403 Scythica
1050 1325 1123 1389 usot.
1167 1327 1317 1391 Sarmatiae
1338 1326 1439 1391 Eu'ro·

430 1452 519 1523 paene
537 1434 566 1493 dt
584 1425 717 1505 Scythiae
731 1422 846 1502 populis
869 1424 1096 1489 adnumerantur
1117 1425 1196 1490 &ab
1218 1426 1295 1502 aliis,
1320 1426 1437 1503 respice

428 1555 493 1617 pag.
518 1528 640 1592 nostram
678 1542 746 1601 379·
786 1522 904 1587 Nomen
933 1526 962 1585 dt
989 1523 1069 1587 urhis¹
1105 1527 1133 1587 dt
1162 1526 1292 1601 gentisa
1324 1525 1439 1587 Gelam

427 1628 558 1698 Herculio
584 1624 645 1687 lilio
667 1634 801 1700 repetunt
826 1636 946 1683 veteres.
967 1615 998 1693 v}
1016 1622 1175 1701 Stephanus
1195 1623 1263 1703 Byz.
1284 1622 1356 1687 Eum
1377 1644 1434 1685 oe·

428 1727 542 1808 papalle
561 1725 684 1787 tracium
712 1718 858 1795 Gelonos,
875 1720 1024 1787 arbitratur
1045 1722 1209 1787 Harduinus
1241 1722 1277 1783 ad
1304 1722 1434 1789 Plinium

428 1832 462 1895 1„
486 1827 536 1891 lV.
561 1842 587 1887 c·
610 1840 657 1885 12.
686 1839 772 1901 quem
789 1838 868 1882 nunc
892 1821 1035 1885 thuani.
1070 1820 1209 1885 Thraciae
1234 1840 1283 1883 eos
1298 1820 1434 1901 assignari

428 1950 445 1992 a
468 1925 575 1997 Vibio,
596 1920 883 1999 commiseritum,
905 1920 984 1997 quod
1003 1920 1122 1983 Servius
1144 1920 1181 1983 ad
1196 1919 1304 1999 Virgilii
1321 1921 1431 2001 Georg.

428 2029 460 2093 L.
475 2026 514 2089 ll·
539 2044 568 2088 v.
599 2040 666 2093 115.

551 2114 678 2201 ansqtoe
702 2116 935 2179 dementatum
953 2112 1087 2199 piliosqroe
1118 2117 1235 2181 Geloms
1249 2160 1264 2189 ‚

433 2224 562 2311 Scythiae
579 2218 698 2303 populor
725 2216 828 2280 diserte
847 2218 933 2282 dicat.
977 2217 1014 2279 O.

464 2325 554 2409 pith)
576 2342 606 2384 v.
629 2316 762 2397 Virgilius
786 2318 891 2395 Georg.
919 2314 1009 2379 LII.
1042 2336 1072 2377 v.
1105 2334 1173 2390 ιις,
1198 2312 1371 2382 Claudianus
1394 2316 1430 2380 in

426 2426 564 2491 Rufinum
585 2418 617 2481 L.
636 2416 660 2479 1.
686 2437 714 2477 v·
737 2435 805 2493 313.
855 2436 858 2443 ¹

430 2566 435 2580 .
547 2518 725 2597 Membraque
749 2515 796 2596 qui
811 2510 887 2595 ferro
907 2515 1009 2600 gaudet
1025 2506 1141 2595 pinatiffi
1162 2511 1296 2578 Gelonus.

676 2667 681 2683 .
1204 2626 1349 2681 flasset.

467 2718 582 2783 Servius
604 2715 643 2776 ad
656 2711 807 2793 Virgilium
822 2712 912 2795 piens
928 2713 1129 2790 interpretatur
1138 2710 1268 2797 stigmata
1279 2713 1424 2774 labentes:

407 2838 481 2915 ¹qua
503 2818 542 2876 in⁴
554 2833 585 2875 re
602 2810 743 2875 consentit
759 2830 828 2873 eum
847 2810 1013 2875 Claudiano.
1057 2810 1230 2883 „Verum‚.
1249 2812 1424 2873 durainter·

422 2940 444 2994 5,
468 2913 608 2993 pretorio,
629 2910 726 2985 judice
753 2907 876 2971 Cellario
901 2910 931 2973 L.
957 2909 995 2973 ll.
1017 2930 1042 2977 c.
1061 2918 1089 2976 6.
1110 2924 1167 2971 ¹neo
1190 2928 1263 2987 quae
1283 2908 1423 2987 pingendi

423 3061 445 3091 ,‚
468 3010 555 3076 verbo
577 3008 660 3073 facile
685 3006 864 3086 respondeat.
899 3008 1088 3081 Credibilius‚
1109 3008 1187 3086 quod
1212 3007 1364 3074 Salmasrus
1389 3011 1420 3069 in

423 3160 445 3191 „
468 3111 558 3177 Solini
573 3129 599 3172 c
621 3128 667 3182 ις.
681 3106 797 3182 censet,
818 3106 915 3171 colore
937 3107 1040 3169 faciem
1055 3120 1104 3172 aut
1123 3124 1210 3169 omne
1234 3126 1340 3183 eorpus
1356 3108 1420 3184 pin-

365 3263 371 3289 ,
422 3259 444 3288 „
466 3211 552 3281 nisse,
574 3210 653 3287 quod
678 3212 706 3271 dt
729 3206 790 3270 aliis
809 3206 993 3287 harbarorum
1022 3205 1072 3269 sub
1101 3204 1151 3267 illo
1175 3204 1258 3271 coelo
1288 3204 1418 3272 solemne

422 3354 443 3385 „
465 3310 528 3371 suit.
554 3309 611 3370 Ὀ.

427 3468 432 3475 ,
460 3406 562 3486 parte)
592 3404 721 3467 Batthius
746 3404 783 3467 ad
815 3404 962 3469 Claudian.
993 3405 1023 3465 in
1042 3402 1182 3470 Rasin-L.
1201 3402 1224 3468 1.
1248 3404 1320 3469 vers.
1346 3421 1412 3479 μς.

415 3520 529 3589 portent
553 3502 599 3565 Sie
618 3505 648 3563 in
666 3504 735 3567 edit.
749 3504 864 3569 Hanov.
893 3511 980 3565 1612.
1002 3521 1101 3565 verum
1120 3501 1235 3566 inedie
1257 3503 1415 3567 timllelod.

421 3600 519 3670 Heius.
540 3565 627 3674 rods.
644 3600 714 3661 vers.
736 3620 805 3677 ³¹5·
825 3621 914 3685 parte.
939 3602 973 3665 In
993 3614 1113 3682 utraque
1135 3613 1231 3675 autem
1258 3604 1328 3667 edit.
1335 3623 1417 3703 s'ver-
1513 3638 1514 3653 .

421 3701 464 3781 bia
481 3699 633 3779 sequestris
653 3700 834 3775 interjectum
847 3702 886 3762 eli
903 3700 1023 3764 verbum
1033 3701 1130 3785 populi
1144 3704 1172 3763 ἃ
1184 3700 1299 3779 reliqua.
1314 3702 1414 3781 Lamp.
1513 3658 1514 3750 d

420 3800 539 3865 illatdus
564 3799 602 3860 ad
623 3796 767 3866 Valerium
790 3798 925 3863 Flaccum
954 3800 985 3865 L.
1003 3798 1025 3862 I.
1047 3799 1116 3863 vers.
1144 3817 1213 3877 704.
1243 3801 1356 3863 videtur
1376 3803 1416 3863 ita

419 3915 536 3980 quoque·
554 3917 657 3961 vocem
681 3919 756 3961 mons
782 3896 921 3964 addidisse
940 3900 971 3965 in
990 3911 1160 3965 contextum
1185 3898 1340 3966 orationis:
1362 3900 1416 3961 Ida
1511 3980 1512 3985 ἵ

418 4021 510 4075 mons,
536 4000 637 4083 ajens,
662 3998 691 4057 in
719 3987 825 4066 Troade
846 4000 901 4061 &e
