3225 5017
577 444 812 567 a*

201 668 253 727 ter
278 670 315 723 ta
337 642 462 741 scripta
483 650 685 731 volumina,
721 674 808 743 quae
834 644 1001 723 Monachi
1026 655 1198 746 Neapoli·

199 770 270 838 tani
279 774 293 855 ,“
311 760 544 837 studiosorum
563 760 745 835 hominum
771 760 906 836 sedulae
924 769 1029 840 nimis
1048 771 1097 849 ’ἃ
1113 794 1197 843 one·
1222 786 1228 799 ·

196 875 291 950 'rosae
312 876 376 949 fibi
399 899 500 949 curae
521 874 684 970 pertaefi,
711 879 805 950 uitro
834 882 877 953 ad
906 881 1101 954 Gaetanum
1132 884 1196 957 hr-

198 994 354 1087 gentium
383 991 591 1076 detulerunt.
645 992 777 1063 Eorum
803 990 926 1066 seriem
943 996 1061 1091 Italica
1077 999 1197 1092 lingua

198 1110 438 1178 concinnatam
459 1130 478 1177 a
502 1094 581 1179 Nic.
607 1104 779 1191 Forlofia‚
803 1106 1038 1185 Bibliothecae
1058 1110 1197 1183 Vindo-

197 1212 358 1292 boneniis
383 1218 521 1291 custode
540 1271 551 1302 ,
572 1218 715 1292 exhibet
728 1220 903 1315 Koiiarius
922 1224 960 1292 in
978 1218 1196 1316 supplemen-

155 1413 160 1419 ,
199 1338 246 1406 tis
268 1337 597 1405 commentariorum
614 1336 650 1407 P.
667 1334 843 1407 Lambecii
856 1336 898 1406 de
912 1336 999 1407 Bibl.
1021 1333 1196 1409 Caesarea.

196 1450 347 1521 Additur
365 1448 515 1530 ibidem,
538 1449 637 1520 Vibii
655 1449 809 1521 codicem
832 1447 937 1520 istum
957 1451 1110 1521 multum
1125 1453 1199 1521 lau-

199 1561 317 1632 datum
342 1558 403 1631 effe
436 1564 520 1632 olim
551 1560 741 1633 dodiihmo
763 1561 982 1635 Mabillonio.
1043 1564 1087 1638 In
1111 1561 1200 1637 serie
1237 1642 1242 1651 .

197 1694 386 1747 memorata
411 1659 527 1747 locum
553 1694 699 1769 occupat
727 1684 785 1763 69.

251 1874 394 1947 13-14.
416 1858 524 1951 Regia
543 1854 737 1930 Parifienhs
755 1854 973 1931 Bibliotheca
989 1855 1061 1931 duo
1077 1880 1200 1931 recon-

199 1970 252 2043 dit
275 1970 378 2042 Vibii
399 1956 528 2053 libroe,
544 1972 644 2042 ambo
666 1976 704 2042 in
729 1996 840 2043 meam
868 1977 1014 2065 gratiam
1034 1975 1199 2057 coliatoS,

186 2108 356 2178 vquorum
373 2086 457 2154 aiter
480 2084 520 2153 in
542 2106 772 2175 pergameno3
800 2087 887 2155 aiter
912 2086 952 2157 in
978 2083 1096 2156 charta
1119 2083 1205 2188 scri-¹

197 2218 280 2292 ptus
293 2214 398 2269 extat.
419 2196 477 2269 ille
492 2200 530 2267 in
543 2192 630 2267 serie
643 2196 690 2265 est
700 2198 746 2267 N.
760 2204 869 2285 4808.
883 2220 925 2264 ex
942 2192 1076 2267 saeculo
1089 2198 1181 2268 XIV
1187 2226 1200 2276 3

199 2312 260 2393 hic
277 2335 423 2383 numero
451 2320 558 2400 8413.
578 2327 718 2382 centum
735 2312 837 2379 annis
861 2306 933 2379 fere
948 2312 1122 2381 recentior
1139 2308 1202 2380 effe

198 2426 353 2499 videtur.
406 2423 465 2496 Isti
487 2408 651 2517 jungitur
671 2422 809 2495 Aethici
828 2418 1099 2514 cosmographia
1120 2446 1203 2495 cum

202 2541 319 2623 aiiis35
337 2526 420 2610 huic
451 2520 587 2637 *accedit
619 2538 795 2627 indiculus
834 2536 978 2607 urbium
1009 2537 1202 2638 Galliae-&¹

200 2658 465 2748 provinciarum
482 2655 621 2746 imperii
639 2652 799 2745 Romani.
834 2651 911 2723 Hos
928 2650 1114 2741 Catalogus
1124 2653 1199 2723 MS.

201 2765 382 2860 irnpr'eii'us
403 2764 577 2847 recenset3
604 2762 910 2840 Montefalconiua
928 2765 968 2835 in
992 2764 1080 2837 Ribl.
1096 2763 1200 2837 ,Bibh

193 2884 276 2957 MS.
304 2896 402 2955 notat
422 2894 600 2973 praeterea
614 2880 768 2977 codicem
789 2878 837 2951 N.
859 2898 962 2968 5997.
982 2881 1045 2970 qui
1060 2878 1202 2971 junctus

205 2994 249 3069 fit
273 2996 423 3069 Pindaro
453 2996 494 3067 de
521 2992 827 3087 Trojaeexcidioe
860 2994 1041 3067 veronis
1075 3016 1095 3061 a
1126 2991 1203 3066 cod.

204 3110 254 3183 N.
277 3119 479 3199 841-3.non
503 3102 631 3208 differt.
696 3178 699 3183 .
773 3178 776 3185 ,
829 3186 834 3191 ,
941 3175 945 3183 .

259 3310 316 3381 15.
342 3291 443 3385 Apud
463 3292 594 3384 Angios
617 3290 770 3385 occurrit
783 3285 895 3380 codex
912 3282 956 3363 Is.
968 3280 1112 3378 uoffii,
1139 3286 1204 3361 Ca-

211 3410 335 3499 nonici
356 3402 659 3497 Windsorienfic,
674 3400 939 3502 inbibliotheca
962 3400 1100 3494 collegii
1123 3401 1207 3486 Ero„

211 3518 339 3613 nensis.
392 3523 542 3614 Jundius
558 3518 605 3591 est
620 3520 814 3612 Romponio
829 3517 953 3591 Melae.
979 3514 1081 3611 Apud
1103 3516 1210 3606 Colo·¹

209 3633 354 3707 mefium
382 3638 421 3707 in
446 3636 579 3707 Latinis
605 3631 652 3704 est
673 3634 720 3705 N.
742 3649 826 3721 227.
859 3656 893 3701 v.
923 3631 997 3725 ejus
1026 3621 1130 3723 opera
1162 3628 1205 3696 ab
1314 3650 1320 3658 ·

210 3748 289 3837 Joh.
309 3748 385 3821 Alb.
404 3749 561 3821 Fabricio
581 3747 777 3844 Hamburgi
796 3741 911 3817 emida
935 3766 965 3814 a.
994 3761 1098 3831 1709.
1161 3740 1205 3809 ln

212 3866 365 3957 catalogo
391 3864 466 3936 MS.
495 3857 752 3941 Oxoni'enfium
768 3862 804 3933 P.
822 3859 868 3932 II.
888 3858 935 3946 N.
951 3873 1058 3945 2552.
1099 3851 1207 3921 Hunc

212 3976 366 4049 codicem
398 3972 467 4047 sese
501 3976 727 4049 lustraturum
762 3972 994 4066 spoponderat
1021 3961 1203 4039 Heffelius.

213 4088 264 4165 lta
283 4092 343 4163 ille
359 4094 401 4163 in
415 4086 647 4183 praefatione:
696 4086 726 4179 'o
743 4087 910 4161 Libenter
934 4098 1067 4173 arrepta
1098 4074 1206 4152 facul-
