3225 5017
438 468 515 551 182
644 484 829 545 notra
886 472 1205 542 santonum

432 665 496 711 non
522 644 689 709 convenerit
710 640 816 720 priscis·
829 638 1048 711 Grammaticis,
1082 636 1219 716 fiquidem
1255 628 1415 696 Zenodotais

435 741 559 821 parad„
582 738 753 805 Aristarchus
772 736 978 816 parasangis,
994 755 1022 798 u
1034 733 1157 815 Etymoi.
1167 752 1260 811 magn.
1276 748 1338 809 pag.
1352 746 1413 808 701.

435 844 482 903 ed.
507 840 584 921 Sylb.
601 845 628 903 dc
646 839 805 903 Eustathius
819 838 850 897 in
873 856 900 898 v.
921 838 1038 909 citatos,
1055 834 1114 913 ipsc
1129 848 1224 895 tamen
1236 829 1415 902 *Eustatirium

436 938 546 1017 spurios
564 937 720 1018 Didymus,
745 938 860 998 codices
879 954 980 996 omnes
998 934 1093 1013 scripti
1110 925 1254 1012 vulgarem
1272 930 1418 998 lectionem

435 1036 600 1101 stabiliunt.‘
633 1037 876 1115 significationem
897 1035 975 1095 vocis
996 1045 1092 1095 autem
1112 1052 1170 1094 vox
1183 1026 1333 1089 massata,
1355 1044 1418 1105 quae

436 1134 601 1212 praeceifit,
624 1134 687 1195 satis
711 1135 848 1212 superque
861 1134 991 1193 declarat.
1025 1132 1123 1209 Quid,
1141 1130 1219 1209 quod
1241 1120 1420 1205 hodiequcin

439 1231 548 1293 Celtico
563 1234 721 1294 Britannica
732 1232 827 1310 lingua
839 1239 850 1308 ζ
863 1232 934 1292 dans
949 1230 976 1291 ie
996 1232 1122 1304 Gaiiois)
1134 1230 1229 1311 rhedcg
1242 1241 1324 1289 notat
1336 1226 1421 1307 rapido

438 1325 518 1403 cursu
535 1322 700 1411 profluens-
715 1331 787 1407 Quis
804 1346 972 1392 autemnon
992 1330 1158 1407 perspiciat,
1185 1348 1269 1407 qoam
1291 1344 1379 1405 prope
1389 1324 1422 1385 ad

438 1428 565 1499 Rhodani
585 1446 691 1489 nornen
710 1430 740 1489 id
752 1430 875 1489 nominis
888 1430 1029 1492 accedat?
1045 1429 1219 1498 Caeterum,
1238 1426 1288 1488 ubi
1309 1428 1345 1487 de
1360 1425 1422 1485 mari

440 1524 592 1602 Tyrrheno
608 1528 733 1604 loquitur
751 1526 869 1597 Vibius,
882 1528 953 1589 iliud
969 1546 1035 1588 cum
1047 1526 1158 1588 Gallico
1177 1526 1236 1587 fiou
1255 1524 1423 1588 confundere

440 1624 564 1687 videtur.
609 1627 681 1701 His,
696 1646 713 1688 a
736 1628 797 1688 viro
814 1626 939 1703 quodam
954 1622 1121 1704 amiciisrmo
1135 1622 1294 1697 submiffis,
1310 1621 1422 1697 adjicio,

441 1723 558 1786 Vibium
582 1725 733 1803 Tyrrheno
753 1725 824 1785 mari
838 1724 922 1785 nimis
944 1723 1029 1786 iatam
1050 1723 1285 1803 fignificationem
1299 1720 1422 1783 tribuere.

439 1820 576 1883 *Rhodani
599 1823 694 1885 cursus
715 1840 860 1901 praeterea
885 1824 996 1901 egregie
1023 1824 1060 1885 ab
1090 1824 1242 1885 Ammiano
1264 1818 1424 1883 Marcellino

443 1920 475 1983 L.
501 1921 566 1983 XV.
586 1942 613 1988 c.
637 1932 685 1993 28.
712 1924 845 2000 pingitur.
890 1920 1002 1985 Ostium
1015 1924 1077 1998 ejus
1093 1942 1181 2000 quum
1200 1918 1364 1981 difficilioris
1374 1918 1425 1993 jam

443 2020 513 2081 olim
531 2021 623 2084 aditus
639 2020 694 2083 effe
712 2023 876 2093 videretur,
893 2036 1003 2099 partem
1018 2022 1127 2095 amnis,
1142 2019 1212 2081 folia
1231 2038 1284 2096 per
1302 2030 1425 2093 campum

443 2116 608 2197 lapideum,
627 2138 684 2198 quo
699 2134 816 2182 naturae
838 2118 1020 2181 miraculo&
1040 2119 1099 2198 ipse
1127 2115 1264 2201 superiori
1287 2134 1362 2178 anno
1379 2112 1426 2173 stu·

375 2218 378 2225 ’
445 2218 516 2296 pui,
534 2220 563 2278 in
581 2218 675 2281 lacum
690 2218 899 2281 Mastramelam
924 2219 1065 2293 deducio,
1090 2218 1200 2281 Marius
1222 2207 1373 2295 navigabili
1394 2209 1427 2271 ai·

446 2336 502 2379 vco
523 2316 633 2379 effudit.
672 2318 790 2379 niiiela
804 2318 835 2378 L.
848 2317 885 2382 lt.
903 2336 929 2377 c.
954 2339 979 2390 5.
1005 2316 1086 2379 Plura
1102 2318 1132 2376 in
1144 2316 1355 2395 jungendorum
1376 2306 1427 2371 ma·

400 2468 406 2479 .
446 2416 520 2476 rium
551 2416 761 2493 fluviorumque
789 2414 983 2477 moliminibus
1011 2415 1049 2475 dc
1083 2413 1141 2475 hoc
1169 2428 1338 2491 argumento
1354 2409 1425 2485 dini.

448 2513 565 2575 Nomen
581 2512 730 2586 Rhodani,
752 2526 784 2575 ut
798 2527 917 2585 notum,
950 2512 1069 2591 priscam
1095 2513 1157 2576 fere
1186 2514 1310 2574 formam
1333 2510 1422 2573 servat.

370 2638 372 2643 ·
449 2610 617 2671 Germaniae
632 2610 725 2672 fluviis
750 2610 824 2673 male
835 2609 1006 2675 Rhodanum
1025 2610 1352 2674 accommodarunt.
1367 2630 1390 2671 c.
1402 2628 1424 2686 3.
1484 2591 1485 2652 i

447 2706 493 2771 De
507 2708 581 2770 ostiis
597 2711 658 2795 ojus
678 2730 705 2771 v.
721 2708 826 2773 Plinius
841 2710 870 2772 t.
885 2710 935 2772 ΙΙΙ.
956 2731 980 2772 c
1000 2731 1026 2785 4.
1043 2711 1081 2781 ci
1117 2709 1315 2773 &D’Anvilie
1342 2709 1428 2770 notice
1484 2655 1485 2748 i

451 2807 489 2867 de
503 2806 529 2866 la
541 2807 638 2869 Gaulo.
664 2808 776 2871 Eridani
793 2809 910 2869 nomine
919 2809 1093 2871 Rhodanum
1111 2827 1320 2887 nonnunquam
1333 2802 1427 2869 venide

450 2904 541 2975 olim,
559 2916 658 2965 monet
676 2905 820 2968 Ortelius.'
850 2905 884 2968 Id
899 2926 957 2969 non
980 2908 1030 2968 nisr
1045 2926 1096 2985 per
1111 2908 1211 2969 vitium
1231 2907 1380 2986 scripturae
1394 2903 1429 2963 ia·
1484 2915 1485 2966 i

451 3004 530 3065 itum
545 3002 665 3064 videtur.
716 3004 820 3065 Saltem
843 3005 1016 3069 doctissimus
1036 3006 1225 3070 Schneiderus
1246 3008 1277 3067 in
1296 3001 1428 3083 Oppiani,

452 3121 538 3179 quern
561 3104 692 3179 proximo
716 3101 909 3183 anno,²apud
933 3124 986 3166 nos
999 3106 1069 3167 dum
1090 3096 1429 3182 haereret‚expurgatiiir·
1484 3087 1485 3166 f

448 3219 533 3270 mum
555 3201 644 3290 edidit
658 3204 689 3263 in
707 3200 818 3279 locem,
835 3203 868 3270 L.
884 3203 935 3267 111.
958 3203 1103 3261 ἑλισντωῒι
1136 3224 1164 3268 v.
1190 3212 1269 3280 ⁶25,
1292 3202 1340 3266 ubi
1363 3199 1429 3278 lego·

453 3296 535 3361 batur
555 3300 633 3376 prius
837 3317 853 3352 ί

641 3378 746 3459 dadum
766 3381 790 3441 δ’
810 3382 944 3461 'Hprdaesoi'o
965 3382 1039 3463 upa*
1062 3385 1133 3461 tipus
1146 3387 1279 3462 θηρητῆρίς

455 3576 504 3645 vel
526 3572 634 3655 iudano
653 3575 862 3653 ’mamistra
886 3583 1040 3645 commode
1063 3584 1182 3646 restituit
1210 3581 1313 3657 divana
1338 3576 1364 3639 tt
1387 3578 1431 3639 ‘ra-

453 3674 555 3755 iareim
573 3675 667 3741 forsan
682 3689 778 3739 tamen
791 3677 858 3741 ioco
872 3676 899 3736 st
915 3680 964 3743 hic
983 3682 1014 3743 ii
1043 3684 1222 3761 ponendum.
1266 3682 1304 3745 Ο.
1328 3687 1332 3696 ‘

849 3792 1041 3905 Strymon

465 3938 468 3945 '
497 3889 562 4008 stcj
584 3948 651 3993 naor
670 3924 917 4007 Graecezrpdpwr.
940 3933 977 3995 de
993 3934 1058 4014 gelu
1078 3956 1105 3999 v.
1129 3936 1251 3999 Ovidius
1266 3932 1334 3996 trin
1357 3924 1429 4008 LV·

459 4030 529 4107 eleg.
545 4048 570 4106 3.
590 4050 616 4091 v.
628 4050 675 4091 ιι.
694 4030 730 4089 de
746 4029 869 4090 Thracis
883 4050 911 4092 v.
921 4030 1048 4097 Lotodos
1059 4037 1096 4097 ad
1108 4037 1189 4098 Statii
1200 4033 1293 4097 Theb.
1305 4032 1338 4095 L.
1346 4028 1395 4092 ΙΙΙ.
1406 4045 1430 4086 v.

461 4129 619 4230 mosten.
629 4128 663 4193 V.
674 4140 780 4204 ursa
792 4143 930 4194 nasson.
969 4132 1026 4197 stt.
1043 4136 1429 4217 Strymmretteouonov·
