3225 5017
377 479 464 551 rru
753 444 800 565 Φ
856 472 885 529 0
939 444 995 566 Φ.

376 730 383 742 ⁴
427 668 458 737 3.
486 632 601 721 Habet
626 652 799 739 praeterea
816 648 989 737 permulta
1017 648 1180 737 nomina,
1206 651 1282 723 aliis
1311 677 1372 745 pe.

275 833 278 845 ,
375 767 473 848 nitus
494 764 613 853 ignota
646 758 887 853 Geographis,
921 784 1073 852 quorum
1103 780 1235 855 partem
1262 790 1372 858 quan·

376 878 454 960 dam
473 874 681 968 conjecturis
706 874 761 945 vel
786 875 908 945 alienis
925 876 981 947 vel
1000 874 1125 949 nostris
1146 874 1262 949 sanare
1279 876 1370 950 sate-

374 995 512 1085 gimus,
551 989 734 1063 meliorne
769 986 1146 1061 doctioribuslubenti
1171 994 1373 1062 animo-re,

378 1106 524 1198 cepturi.
577 1102 659 1175 Huc
683 1104 860 1195 pertinent
885 1104 976 1173 inter
1005 1101 1152 1175 fluvios:
1192 1104 1371 1197 Brir'laces,

377 1224 485 1300 cira,
508 1219 676 1309 cinyts&
700 1240 779 1309 opp.
800 1217 998 1313 Tybreflurn,
1028 1220 1174 1299 Faneus,
1198 1218 1371 1311 Herbefiss,

376 1338 523 1406 Endrius
541 1336 573 1405 δι
594 1356 673 1423 opp.
690 1334 847 1412 Allaria,
862 1333 968 1422 Lycas
981 1332 1100 1423 &opp
1112 1334 1288 1427 Lycastus‚
1299 1334 1373 1401 Oa-

376 1476 435 1525 xes
458 1452 591 1527 Cretae,
637 1446 775 1517 Orontes
801 1473 842 1515 ex
871 1445 991 1543 Casto,
1022 1449 1200 1539 Syrapus,
1233 1450 1370 1531 Saron,

378 1562 541 1654 Thapsus,
560 1562 707 1631 Ululeus.
759 1560 856 1630 Inter
869 1555 993 1629 fontes.
1005 1560 1091 1653 Esus
1103 1611 1114 1643 ,
1124 1558 1248 1659 Inefflz,
1263 1566 1374 1654 Span-

323 1674 325 1688 ’
378 1682 475 1757 deus,
493 1676 660 1747 Virvinus.
704 1672 801 1744 Inter
818 1690 976 1743 montes:
1005 1676 1101 1744 Coras
1113 1724 1124 1756 ,
1138 1676 1295 1768 Cinyras,
1311 1678 1373 1745 Ca·

367 1795 511 1897 stelias,
533 1788 701 1858 Maxreria
722 1789 754 1857 &
779 1811 859 1878 opp.
887 1790 1051 1870 Ararene,
1083 1790 1273 1883 Oeniphile,
1303 1791 1374 1881 Py,

377 1914 492 1987 lanes,
517 1900 753 1999 Rhamnufins,
767 1900 946 2008 Stefiarus,
970 1903 1128 1976 Tenitrus.
1179 1905 1275 1984 Inter
1290 1928 1372 1998 gen-

377 2039 430 2092 tes
456 2018 668 2118 Magempuri.
1065 2022 1076 2064 I

294 2266 296 2275 ι
377 2194 392 2286 ἶ,
426 2250 460 2321 4.
493 2230 646 2309 Contra,
680 2228 852 2321 praeclare
868 2224 940 2323 sese
965 2226 1096 2301 habent
1127 2231 1191 2301 aiio
1220 2234 1371 2310 auctoris

379 2346 490 2427 nostri
514 2346 610 2425 loca,
633 2345 672 2415 in
701 2342 830 2433 quibus
848 2337 906 2416 sed
922 2341 1024 2446 bonis
1053 2342 1176 2419 avibus
1193 2341 1259 2417 fibi
1278 2342 1372 2428 solus

376 2459 516 2545 yidetur
532 2458 674 2526 relictus
685 2480 695 2534 3
726 2454 928 2525 nominibus
942 2459 1071 2549 quippe
1090 2454 1194 2539 usus,
1217 2484 1372 2551 quorum

305 2626 309 2632 .
374 2572 484 2653 altum
497 2567 637 2659 quidem
656 2564 703 2639 est
719 2566 812 2659 apud
828 2584 961 2639 veteres
982 2567 1166 2664 scriptores
1180 2569 1368 2657 silentium,

376 2680 434 2763 seri
466 2702 554 2773 quae
584 2677 738 2753 adhibita
757 2696 872 2757 tamen
893 2678 990 2756 fuiffe
1011 2684 1119 2767 olim,
1146 2688 1202 2757 vel
1228 2705 1373 2779 cognata

377 2796 521 2865 nomina
548 2790 617 2864 sive
640 2796 784 2885 antiqua
805 2791 874 2865 five
901 2800 1093 2869 recentiora
1111 2799 1299 2882 testantur,
1316 2804 1373 2875 vel

375 2909 440 2987 alin
455 2922 656 2997 argumenta
673 2903 776 2981 fidem
798 2904 941 2984 faciunt.
962 2911 1046 3003 Ejus
1062 2913 1372 3007 generIssuntIere

374 3020 455 3099 iitn:
496 3020 538 3091 In
556 3014 642 3089 serie
665 3018 870 3099 fluminum:
898 3027 1066 3117 Alynros,
1086 3032 1191 3111 Alto,
1214 3032 1373 3113 Carnicae,

376 3136 491 3215 Calos,
522 3132 716 3230 Cafilinum,
755 3134 856 3229 Este,
898 3141 1042 3222 Icarius,
1081 3144 1209 3225 Ilerda,
1238 3147 1372 3228 Minio,

375 3248 525 3328 Mathis,
554 3248 713 3337 Orethus,
740 3249 896 3343 Bebryces
918 3257 965 3323 ad
989 3257 1147 3351 Peneum,
1171 3256 1372 3349 Pachynos,
1454 3338 1457 3343 ,

379 3362 630 3451 Tauromenios,
655 3364 824 3448 Triocala,
850 3368 987 3441 Turnus.
1023 3372 1066 3443 In
1093 3370 1179 3443 serio
1196 3370 1371 3452 fontium:

356 3476 536 3556 ¹Clanius,
557 3477 703 3567 Liriope,
729 3480 951 3555 Archemorus.
1006 3509 1208 3559 nemorum:
1246 3490 1375 3558 Molor-

376 3590 471 3677 chos,
497 3590 589 3667 Sila,
619 3590 790 3681 Thymbra.
820 3594 1005 3685 paludum:
1034 3602 1230 3683 Ambracia,
1269 3604 1373 3693 Tyra-

374 3729 423 3771 ca.
455 3702 645 3772 montium:
661 3704 841 3793 Ascraeus,
866 3712 1038 3808 Agragas,
1060 3718 1294 3790 Aventinusin
1309 3745 1374 3809 quo

312 3841 315 3847 ’
375 3816 557 3915 Praeneste,
584 3818 787 3913 Aganippe,
814 3821 950 3907 Bebius‚
967 3828 1090 3905 Boreas
1097 3879 1109 3914 ,
1130 3832 1264 3907 Clanius
1271 3833 1375 3914 ‚Enx

376 3934 504 4021 danus,
526 3930 719 4019 Monoecus,
744 3936 883 4019 Nemea,
905 3944 1044 4019 Sarnus.
