3225 5017
462 501 542 602 302
691 494 880 562 NOTAE
941 493 1253 559 VARIORUM

459 692 486 735 c,
507 688 533 748 3.
551 665 602 730 ubi
619 661 741 725 ostendit
756 678 792 721 ex
807 651 920 732 Vesuvio
933 651 1029 720 fecisse
1044 655 1189 720 Romanos
1209 651 1357 733 Vesevum,
1372 649 1457 722 Grae

457 789 509 834 cos
521 785 558 830 en
576 765 632 826 boc
644 760 757 831 obpro,
768 755 892 818 Vesbium
904 791 916 824 ,
938 756 1078 825 Ventum,
1093 756 1250 818 Besbu'um&
1264 757 1384 818 tandem
1397 777 1457 818 cor·

456 883 542 945 xupte
559 865 655 932 ulpio,
678 856 799 918 Bebiuou
836 854 872 916 Et
890 854 976 929 hujus
995 854 1112 932 quidem
1136 855 1260 916 nominis
1282 855 1457 919 documenta

456 965 560 1045 repetit
576 978 612 1022 ex
634 956 791 1033 Procopio,
815 954 864 1032 qui
873 952 988 1016 Gothic.
1009 951 1072 1014 hist.
1097 952 1186 1015 L.11.
1209 967 1328 1031 quater,
1356 969 1455 1032 quarto

454 1063 499 1128 bis
520 1080 555 1122 eo
580 1057 687 1132 utitu13
711 1055 779 1116 dein
808 1071 845 1112 ex
872 1051 1011 1114 Anastasio
1029 1051 1198 1114 Bibliothec.
1225 1055 1255 1113 in
1282 1054 1341 1115 vita
1367 1053 1456 1116 Bene·

454 1162 523 1225 disti
547 1157 585 1223 ll.
615 1155 665 1218 ubi
702 1153 789 1214 Mons
821 1150 940 1224 Bebius,
978 1149 1024 1232 qui
1049 1152 1083 1234 est
1108 1153 1136 1210 in
1171 1151 1317 1233 Campania
1327 1137 1353 1225 ,⁷
1374 1147 1456 1226 mense

454 1259 564 1326 ntanio
576 1252 732 1324 eruenta
752 1252 870 1311 demum
885 1267 921 1309 ex
934 1248 1083 1310 Monacho
1094 1247 1312 1311 Altissiodorenfi
1326 1250 1357 1309 in
1366 1249 1454 1310 Chro-

453 1361 522 1423 nico
532 1403 542 1432 ,
552 1355 602 1418 ubi
619 1355 703 1412 Mons
717 1349 818 1412 Belius
835 1365 930 1429 ruptus
945 1348 973 1406 in
992 1347 1098 1409 uertice.
1122 1347 1234 1428 ltaque,
1249 1362 1282 1410 ut
1301 1347 1378 1410 salva
1394 1364 1453 1409 rnr-

453 1459 500 1520 lus
520 1459 547 1518 ἃ
569 1453 616 1513 hic
640 1450 679 1512 est
700 1447 853 1510 austeritas
874 1445 964 1520 Vibii,
988 1447 1027 1506 ita
1045 1460 1124 1523 patet
1146 1449 1268 1522 iterum,
1294 1446 1390 1525 ipsum
1406 1465 1453 1508 no·

455 1557 550 1625 mina,
568 1568 641 1628 quae
659 1546 707 1609 lua
725 1547 785 1606 fere
805 1557 898 1608 aetate
920 1545 950 1604 in
967 1543 1048 1606 ulum
1065 1547 1137 1607 trahi
1152 1548 1241 1622 vidit,
1256 1545 1354 1622 seriei,
1370 1567 1453 1626 quam

452 1649 665 1720 concinnabat,
683 1643 849 1712 inseruiffe,
874 1657 905 1704 ut
929 1642 1012 1720 supra
1028 1645 1058 1704 in
1085 1644 1199 1722 Cafilino
1223 1644 1328 1706 &aliis
1353 1647 1452 1723 depre-

452 1749 615 1816 hendimus.
648 1747 752 1824 Neque
781 1743 921 1806 Boccacio
950 1741 1069 1803 dubium
1093 1741 1173 1803 fuisse
1205 1744 1335 1816 videtur,
1369 1761 1451 1821 quem

452 1852 573 1920 Bobium
598 1848 707 1908 diceret
725 1845 889 1921 Sequestet,
911 1841 950 1902 ita
974 1842 1051 1902 enim
1069 1840 1139 1903 ille:
1162 1841 1262 1902 Bobius
1289 1841 1449 1926 Componiae

452 1972 528 2012 mas
548 1947 602 2028 esi:
627 1946 713 2028 iguem
731 1946 771 2003 ad
787 1942 870 2022 instar
886 1940 992 2000 Aetnae
1021 1939 1132 2000 Siculae
1156 1961 1302 2022 vaporans.
1349 1943 1390 2006 0.

875 2105 1024 2192 Boreas

491 2311 536 2378 nd
550 2305 758 2389 Dyrrachinam
775 2303 994 2384 topographiam
1015 2302 1139 2381 speetut,
1165 2319 1236 2380 quae
1260 2319 1349 2382 quam
1366 2298 1446 2366 fuerit

448 2411 544 2476 nostro
567 2407 666 2482 cordi,
690 2403 772 2481 supra
798 2403 973 2466 declaratum
991 2401 1038 2463 est.
1062 2423 1089 2464 v.
1112 2401 1190 2467 Alto.
1224 2398 1358 2477 Genufius.
1388 2407 1445 2464 Icu-

447 2531 508 2572 nus.
527 2504 649 2568 Mathis.
681 2501 799 2560 Ululeus
823 2505 848 2564 ἃ
871 2516 968 2564 notata
992 2501 1085 2563 nostra
1103 2502 1139 2562 ad
1156 2501 1284 2564 laudatos
1300 2503 1442 2568 articulos.
1500 2543 1501 2588 p

446 2607 567 2674 Boream
584 2601 732 2682 Dyrrachii
763 2615 893 2662 montem
922 2602 1054 2679 ignorant
1087 2599 1266 2679 Geographi‚
1304 2613 1443 2680 quotquot

446 2720 554 2772 extant.
586 2703 661 2766 Scite
676 2700 800 2762 Ortelius
823 2703 921 2761 Boram
939 2699 997 2762 huc
1012 2699 1097 2760 trahit
1113 2699 1206 2772 Livii,
1229 2719 1316 2777 quem
1337 2701 1361 2762 is
1377 2699 1445 2761 scili·

379 2847 387 2866 o
446 2823 494 2868 cet
519 2805 556 2865 ad
574 2800 802 2878 Septentrionem
831 2801 985 2860 terminum
1003 2799 1191 2860 Macedoniae
1215 2800 1298 2876 ponit
1323 2799 1356 2862 L.
1378 2799 1457 2897 XV..

446 2922 473 2965 c.
502 2921 550 2978 29.
579 2899 618 2960 ita
637 2910 670 2959 ut
685 2896 831 2973 Illyridem
855 2897 992 2974 respiciat.
1045 2897 1169 2968 Verum,
1208 2898 1441 2976 quandoquidem

445 3000 521 3064 solus
545 2999 608 3068 est,
630 3010 770 3075 quantum
792 2995 895 3070 sciam,
920 2996 1032 3070 LiviuS,
1052 2999 1099 3074 qui
1120 2999 1182 3072 ejus
1200 2997 1289 3058 Borae
1306 3003 1442 3060 memine-

445 3103 502 3174 rit,
528 3096 646 3160 dubium
670 3095 760 3156 videri
781 3093 886 3172 polin,
912 3115 947 3155 ex
965 3089 1046 3157 L'ivio
1070 3093 1168 3158 Vibius
1188 3117 1225 3158 an
1252 3097 1300 3158 hic
1327 3118 1365 3161 ex
1393 3101 1440 3160 isto

444 3198 479 3260 {it
498 3195 703 3259 emendandus.
728 3193 827 3272 Itaque
848 3215 955 3256 nomen
978 3197 1138 3270 Boraepon
1157 3198 1188 3257 in
1214 3197 1330 3260 Vibium
1351 3199 1439 3278 ipsum
1497 3261 1498 3266 ,

443 3298 622 3371 κοερίιηιιε,
637 3306 665 3354 at
678 3295 858 3372 conjelturae
874 3310 970 3384 tamen
990 3295 1087 3357 locum
1105 3296 1244 3380 dedimus,
1270 3299 1361 3374 Quod
1381 3301 1438 3378 quis
1497 3273 1498 3311 ³

445 3409 576 3471 aggerat,
603 3396 787 3455 remotiorem
806 3394 861 3455 effe
883 3395 1070 3474 aDyrrach'io
1090 3393 1191 3456 Boram
1204 3395 1293 3476 Livii,
1318 3398 1349 3458 id
1369 3400 1397 3459 ni
1418 3398 1437 3458 il

444 3491 666 3569 est3s1quidem
698 3493 782 3554 latius
819 3495 922 3555 vicinia
949 3495 1025 3571 apud
1055 3492 1146 3570 ipsum
1170 3493 1241 3555 sumi
1264 3493 1345 3556 solet.
1375 3401 1438 3564 lio
1496 3477 1497 3515 ¹

444 3583 536 3654 latiori
561 3609 675 3668 quoque
700 3591 780 3653 sensu
802 3591 958 3669 capiendus
981 3591 1152 3654 Boccacius:
1189 3591 1290 3651 Boreas
1312 3595 1438 3674 monsell

444 3690 541 3772 Epiri,
564 3688 721 3770 Dyrrachio
736 3690 887 3770 proxunus.
921 3691 1148 3753 Prom'ontorium
1162 3693 1261 3751 Boreon
1281 3693 1319 3752 ad
1333 3693 1436 3771 Syrtim
1495 3641 1496 3719 l

442 3791 552 3852 Aiiicae
572 3807 703 3863 mugnam
727 3807 794 3848 cum
816 3787 905 3848 Plinio
930 3790 960 3851 L.
979 3789 1014 3853 V.
1039 3811 1065 3852 c.
1078 3811 1106 3864 4.
1135 3789 1313 3851 Ptolemaeus
1340 3790 1434 3865 locat;

443 3887 522 3950 idem
552 3889 579 3948 &
600 3885 630 3946 in
646 3883 782 3946 Hibernia
803 3883 881 3947 aliud
898 3887 1033 3954 recenset.
1061 3887 1194 3951 ‘Orosius
1221 3885 1299 3950 aliud
1315 3891 1386 3951 item
1407 3894 1434 3950 in
1494 3871 1495 3923 l

442 3986 515 4053 Asta.
538 3983 687 4050 Pausaniae
706 4004 792 4051 ruant
807 3984 997 4049 estlloreusin
1010 3989 1138 4056 Arcadia.
1152 3987 1272 4056 uvltt.
1285 4009 1373 4066 ομ
1397 3989 1431 4050 O.
1493 4083 1494 4127 1
