3225 5017
438 464 553 523 ,nn
612 462 864 526 ruuurun
966 525 969 527 ,
1091 474 1166 559 2¹5
1235 549 1239 556 .

180 644 232 684 nar
253 624 309 685 dcc.
339 620 450 684 Etiamlr
470 622 548 683 enim
564 621 613 683 hic
630 622 743 683 codices
767 618 901 682 nonnulli
932 619 1057 687 habeant
1092 629 1129 686 Ve
1149 626 1173 685 i·

179 740 251 788 nus,
285 720 469 781 ordonmen
486 719 561 797 ipse,
586 740 643 797 quo
660 720 731 781 haec
754 740 885 799 agrorum
903 718 985 781 series
1001 722 1172 798 recensetur,

177 818 328 879 manifesto
351 818 390 877 est
411 820 536 893 indicio,
555 820 591 880 de
611 820 725 879 Vestino
741 819 901 880 sermonem
919 820 1031 881 Oratori
1048 822 1174 885 effenon

177 914 269 992 polle.
299 915 504 994 Intelligendus
524 917 562 979 est
580 937 645 994 ager
659 913 783 992 Vesciae,
800 918 877 979 urbis
895 917 1054 995 Ausonum,
1066 921 1103 981 de
1117 941 1174 998 qua

176 1013 276 1075 Livius
294 1013 326 1075 Ι..
342 1004 395 1075 ῘΧ,
421 1016 557 1078 Caeterum
575 1010 712 1090 Ausonum
729 1038 794 1099 gens
811 1017 963 1097 proditione
984 1020 1105 1089 urhun,
1136 1020 1176 1099 fi·

178 1130 226 1171 cut
260 1112 352 1181 Sora,
376 1114 404 1171 in
417 1115 570 1193 potestatem
599 1114 689 1199 uenit,
719 1107 833 1192 Ausona
853 1113 880 1173 ὁ
897 1116 1055 1175 Minturnae
1074 1118 1102 1176 θ
1127 1118 1176 1176 Vt·

175 1204 239 1289 scia
266 1208 343 1268 urbes
376 1228 460 1271 erant.
498 1212 537 1271 Ut
555 1222 649 1271 autern
668 1211 724 1275 hoc
746 1212 811 1272 loco
834 1210 910 1288 legas
928 1199 1044 1287 Vescia,
1058 1216 1174 1293 Sigonio

180 1307 292 1378 debes,
323 1308 362 1367 mi
385 1306 485 1369 ledor.
522 1310 596 1371 Nam
619 1324 728 1371 veteres
750 1310 814 1370 libri
837 1309 982 1372 habebant
998 1310 1174 1394 aliiVeJiiria,

178 1404 226 1465 alii
255 1404 351 1485 Vestia.
386 1407 474 1467 sicute
495 1408 538 1467 vir
561 1408 662 1468 dolius
685 1427 720 1469 ex
749 1409 894 1486 Stephano
922 1405 1019 1470 locum
1044 1414 1176 1472 emenda·

175 1601 260 1663 locus
282 1600 315 1663 L.
332 1602 371 1665 X.
394 1622 419 1665 c.
438 1621 484 1663 21.
508 1604 593 1664 citato
618 1603 704 1665 robur
734 1604 825 1667 addit.
857 1602 951 1687 ltaque
984 1606 1113 1687 placuit,
1144 1623 1176 1665 ut

180 1703 252 1763 auae
281 1698 400 1761 coloniae
419 1700 492 1761 circa
511 1698 648 1777 Vescinum
667 1702 848 1788 &Falermtm
866 1725 959 1785 agrum
971 1702 1175 1764 diducerentur:

176 1820 233 1861 uua
256 1800 297 1859 ad
313 1800 403 1880 ostium
432 1800 505 1858 Liris
524 1800 628 1878 fluuii,
642 1819 709 1879 quae
732 1800 894 1861 Minturnae
911 1799 1051 1883 appellata
1058 1832 1069 1874 ,·
1089 1800 1177 1861 altera

177 1899 207 1961 in
228 1892 310 1973 saltu
342 1892 473 1975 Vescino,
504 1896 647 1957 Falernum
666 1896 829 1980 contingente
850 1918 953 1981 agrum.
1013 1899 1095 1976 Quae
1117 1899 1178 1977 qui-

179 1998 247 2059 dem
267 1994 340 2057 Livii
370 1996 456 2057 verba
480 2016 547 2058 cum
577 1997 694 2059 Lucano
716 1995 820 2057 collata
841 1998 1036 2071 conjecturam
1051 1996 1178 2060 Cluvetii

181 2094 371 2171 &Peregrini
398 2094 569 2155 confirmant
589 2093 712 2157 abunde.
737 2093 841 2171 Neque
858 2108 955 2155 tamen
977 2095 1082 2169 aufim,
1098 2095 1178 2157 hune

180 2193 312 2266 secutus,
351 2193 428 2271 opud
456 2192 571 2257 Vibium
611 2210 663 2268 pro
698 2191 801 2271 Vestino
836 2209 975 2270 reponere
1019 2192 1055 2249 Ve
1069 2192 1180 2266 einum,-

185 2294 293 2372 quippe
320 2291 477 2353 admodum
502 2288 661 2351 verosimile
682 2288 739 2363 est,
762 2301 929 2368 corruptum
944 2288 1049 2353 Lucani
1074 2286 1179 2354 librum

184 2391 222 2452 ob
243 2388 344 2457 oculos
369 2388 493 2451 habuisse
517 2387 703 2465 sequestrem.
747 2387 896 2467 Denique,
930 2386 1009 2464 quod
1038 2385 1178 2452 Heilelius

114 2536 115 2553 .
186 2490 306 2552 Saeuum
335 2508 402 2551 curn
430 2488 511 2549 Liuio
527 2484 686 2551 confudisse
703 2484 819 2551 Vibium
841 2486 1027 2565 pronuntiat,
1046 2484 1125 2550 idem
1147 2484 1177 2551 ll

114 2606 116 2673 l
183 2590 349 2671 Peregrinus
369 2587 488 2651 notavit.
533 2586 571 2652 0.

583 2696 773 2835 Xanthus.

224 2974 252 3015 v.
270 2948 387 3015 Sensus
400 2948 435 3009 aa
456 2944 566 3026 virgilii
585 2947 655 3009 ren.
676 2946 708 3012 s.
722 2944 745 3009 1.
764 2967 793 3013 v.
810 2962 883 3023 477·
904 2943 1050 3009 unsrun
1060 2945 1179 3026 nuta.
1207 2981 1210 2985 -
1261 2963 1264 2968 »

189 3048 289 3131 Trojae.
305 3046 439 3125 Virgilius
456 3048 528 3111 Aen.
550 3044 587 3111 Ι..Ι
599 3044 652 3107 lli.
675 3064 704 3108 v.
724 3064 792 3123 497.
813 3046 881 3106 &n
902 3063 970 3123 350.
986 3043 1072 3108 L.X.
1087 3064 1115 3107 v.
1126 3053 1178 3121 ⁶9·

186 3148 339 3229 Dionylius
355 3167 382 3209 r.
405 3156 475 3221 819.
496 3143 650 3206 Priscianus
671 3144 775 3221 perieg.
801 3153 870 3220 783.

114 3232 115 3303 J
226 3270 261 3312 ex
285 3246 361 3321 Ida)
376 3264 405 3309 v.
420 3242 563 3307 Homerus
578 3240 611 3307 ll.
627 3240 696 3305 XII.
719 3260 755 3307 r.
779 3258 826 3316 ¹9·

114 3412 115 3415 ,
226 3343 375 3420 Sintoentt')
397 3362 426 3406 v.
442 3341 547 3403 Plinius
564 3340 600 3403 H.
618 3340 656 3402 N.
670 3339 701 3402 L.
717 3338 751 3397 V.
766 3357 791 3399 c.
804 3357 851 3415 30.
864 3334 939 3397 Dein
950 3351 1047 3421 portur
1056 3336 1182 3399 Actaea·

189 3465 262 3519 nn,
287 3444 316 3504 n
340 3426 668 3523 ..inumbrantes
690 3430 949 3517 stnnmjnsn.
976 3434 1015 3496 cf.
1038 3436 1066 3498 u
1092 3435 1181 3510 seno.

190 3542 279 3607 liastes
300 3540 337 3604 ad
352 3539 439 3603 Hom·
454 3536 489 3603 ll.
506 3537 537 3601 L.
555 3536 605 3600 VI.
622 3556 648 3599 V.
664 3558 691 3611 4.
718 3534 768 3599 ubi
795 3533 891 3609 stultu
913 3538 937 3609 ¹9
960 3528 1060 3605 salum
1080 3534 1181 3610 relapsi

190 3637 325 3718 Τρυᾶἲῶκ
505 3676 508 3685 =
793 3718 796 3724 Ι
1268 3642 1272 3649 “

232 3738 259 3799 in
278 3736 487 3818 Propontidem)
509 3731 645 3797 Cellatius
658 3732 694 3799 G.
713 3731 748 3795 A.
768 3730 799 3796 L.
817 3728 903 3793 Illo.
923 3748 949 3807 3.
972 3748 1003 3807 p.
1017 3718 1181 3803 59.Lapsus

191 3836 427 3918 eflPnponnaen
447 3854 570 3902 uocans,
601 3830 647 3913 qui
669 3824 859 3911 Hellespontus
878 3827 931 3910 esi,
956 3825 1090 3905 excutiens
1114 3822 1180 3882 naec

194 3936 286 3995 cunda
294 3934 420 4013 flumina.
442 3932 608 3993 Generatim
626 3929 751 4007 loquitur
761 3926 891 4005 Virgilius
901 3928 971 3985 lien.
981 3922 1012 3985 L.
1019 3921 1055 3985 V.
1067 3940 1093 3984 v.
1107 3930 1177 3995 807.

435 4051 483 4092 nee
507 4028 614 4110 reperire
637 4017 828 4107 nitamurque
842 4020 960 4083 euoluere
975 4011 1060 4099 pollet
1128 4089 1134 4096 ἱ

314 4130 351 4215 ἸΙιι
372 4148 442 4189 mart
460 4122 491 4203 se
508 4128 647 4195 Xanthus.
726 4206 753 4267 O

776 4226 797 4277 4
