3225 5017
492 474 563 534 An
605 460 873 538 'riuum
1118 446 1174 573 45'

184 641 263 703 istum
283 638 430 699 audorem
455 634 563 697 Ararim
584 648 698 711 quoque
712 632 880 695 Germaniae
901 635 1009 712 primae
1020 632 1174 715 allignare,

182 739 263 812 cujus
287 735 389 795 erroris
412 731 524 795 causam
546 732 636 797 Hadr.
657 730 781 793 Valesius
804 750 842 793 ex
858 733 933 793 male
954 733 1098 797 intelleuo
1114 739 1176 799 Vir.

182 835 241 915 gilii
265 833 332 895 loco
362 832 496 897 deducat.
613 824 739 919 Vogesum
763 830 995 893 transformatum
1029 834 1060 895 in
1093 830 1175 911 Vosa-

182 952 245 1015 gum
262 932 360 993 medio
384 949 456 992 aevo
478 929 565 991 refert
595 926 731 991 Cellarius
752 928 783 989 in
804 929 843 991 N.
863 928 901 993 0.
916 930 948 991 A.
962 928 998 991 T.
1016 929 1039 991 l.
1057 929 1090 992 ln
1105 931 1175 1011 lapi·

183 1032 220 1094 de
237 1033 314 1111 apud
327 1031 482 1095 Gruterum
496 1028 535 1095 Τ.
554 1027 580 1093 1.
599 1046 629 1105 p.
649 1046 697 1100 94„
727 1020 845 1109 Vosegus
859 1025 969 1104 legitur.
1012 1027 1056 1089 En
1073 1028 1177 1096 illum:

593 1136 765 1187 VGSEGO

486 1238 551 1287 ΜΔ
569 1238 592 1285 x
613 1236 655 1285 ει
675 1238 688 1284 1
707 1236 765 1284 mr
785 1238 810 1285 ra
828 1238 882 1285 us

542 1338 577 1384 v.
628 1338 654 1383 s.
700 1336 730 1383 Ι..
774 1336 805 1387 L.

185 1422 215 1484 in
226 1418 323 1485 tabula
331 1418 529 1485 Theodosiana
544 1418 624 1478 Silva
641 1413 771 1501 Vofirgus.
791 1418 828 1481 Ο.
891 1412 967 1482 Ecce
986 1420 1088 1484 iterum
1105 1420 1178 1501 aad?

184 1542 268 1593 rapa,
293 1540 353 1583 non
372 1518 494 1597 amplius
513 1516 686 1595 Sequestm,
702 1516 750 1577 fed
774 1516 962 1581 librariorum.
1011 1519 1177 1583 Persuadere

183 1617 258 1679 enim
269 1618 345 1679 mihi
359 1636 417 1679 non
432 1615 559 1695 pullum,
573 1616 680 1677 Ararim
692 1616 722 1675 in
732 1614 883 1677 Germania
892 1616 1108 1693 llatuiaVibiu,
1117 1633 1177 1683 tam

184 1728 249 1793 apte
264 1716 383 1777 fontem
412 1714 573 1777 &cursum
597 1712 682 1786 hujus
706 1715 796 1777 amnis
831 1731 989 1779 enarrante.
1056 1717 1179 1797 Decepti

184 1811 246 1875 lunt
262 1828 364 1875 autem
387 1813 489 1876 librarii
505 1831 542 1873 ex
560 1831 619 1873 nun
635 1811 710 1873 bene
733 1828 870 1890 percepto
891 1813 999 1893 Virgilii
1021 1814 1099 1877 rerlu
1126 1824 1177 1894 ⁶³·

187 1910 217 1972 in
233 1911 298 1974 Ecl.
316 1910 340 1973 Ι.

316 2008 409 2090 Ante,
436 2007 580 2089 pererratis
605 2010 738 2067 amborum
758 2008 883 2085 finibus,
908 2011 974 2070 exul

313 2106 376 2165 Aur
393 2106 506 2165 Ararim
519 2105 640 2165 Paralius
656 2106 725 2163 biber
734 2147 745 2173 ,
765 2124 816 2165 aue
840 2110 982 2167 Gemania
1002 2109 1109 2190 llgrim.

185 2196 345 2283 Ninenim
359 2216 398 2287 ibi
421 2216 492 2279 illud
511 2215 749 2293 intelligendum,
770 2236 803 2279 ac
822 2218 841 2277 fi
858 2218 941 2279 fieret
957 2222 1097 2295 oppositio
1107 2223 1180 2283 inter

185 2316 472 2393 Ararim&Tigrim,
489 2332 683 2391 nequaquam:
707 2331 788 2375 mens
808 2313 880 2375 haec
893 2314 933 2375 est
952 2316 1077 2393 Virgilii,
1101 2320 1181 2393 priua

187 2434 304 2477 omnem
322 2428 463 2476 mutatum
476 2414 510 2474 iri
523 2428 666 2486 naturam,
685 2412 818 2473 Parthum
833 2426 912 2476 tanta
931 2414 1097 2502 eonfufiune
1116 2436 1180 2495 per-

187 2514 334 2577 turbatum
352 2513 402 2585 iri,
419 2524 451 2573 ut
462 2512 499 2572 ad
508 2512 614 2573 Ararim
627 2512 697 2572 fines
717 2510 781 2573 suos
794 2526 927 2589 quaerat,
944 2516 1101 2587 decontra,
1112 2516 1181 2579 Ger.

185 2632 289 2675 manus
304 2611 342 2672 ad
364 2610 493 2687 Tigrim,
510 2628 594 2686 quam
610 2609 731 2671 Caesarie
748 2610 840 2687 ipsum
848 2611 956 2673 oblivio
968 2615 1067 2691 capiat.
1116 2616 1181 2677 Por·

185 2714 225 2774 est
248 2714 277 2775 δι
300 2709 382 2771 aliter
402 2710 478 2769 rede
505 2709 627 2785 exponi,
650 2708 826 2770 hemistichia
845 2708 961 2772 secundi
989 2711 1084 2773 versus
1109 2714 1182 2773 divi.

186 2811 303 2873 dendo:
320 2807 395 2885 quasr
416 2806 539 2882 Ararim,
571 2805 664 2868 &sub
686 2808 747 2881 ejus
771 2809 890 2868 nomine
914 2808 1052 2883 Galliam,
1071 2808 1181 2871 rParthu

187 2922 338 2988 opponat3
372 2906 550 2967 Germaniam
573 2924 641 2966 vero
662 2904 770 2983 Tigridi
797 2905 827 2966 h.
849 2925 875 2970 e.
903 2908 1069 2968 Armeniae:
1109 2927 1183 2986 quae

187 3007 318 3085 duplices
345 3002 498 3065 sententiae
526 3003 562 3065 ad
588 3002 665 3064 idem
684 3003 814 3065 redeunt.
867 3006 959 3082 Atque
981 3005 1053 3067 haec
1069 3006 1183 3069 videtur

187 3108 275 3168 etiam
295 3102 387 3165 Servii
411 3100 548 3163 sententia
564 3100 662 3175 fuille,
695 3120 780 3179 quem
804 3099 903 3162 misere
917 3101 1113 3165 laceraverunt
1140 3106 1184 3165 in·

187 3186 386 3281 teipolatores.
444 3198 557 3279 Itaque,
573 3200 660 3275 dicit,
680 3220 731 3279 per
755 3200 853 3281 ligrim
873 3200 900 3260 δ’
920 3201 1031 3259 Ararim
1057 3201 1119 3261 uult
1143 3202 1187 3261 di·

187 3294 266 3376 versa
286 3298 349 3359 loca
368 3298 436 3358 incer
456 3290 663 3379 sefigm'ficare.
707 3297 789 3355 Dicit
808 3298 875 3357 enim
892 3299 971 3379 prius
988 3299 1119 3369 Paralum
1147 3320 1182 3372 err

189 3398 279 3460 Arare
294 3396 455 3464 bibiturum,
479 3394 506 3454 G·
528 3394 686 3456 Gratianum
707 3416 742 3455 ex
767 3396 839 3477 Tigri
859 3396 910 3459 ac.
962 3398 1042 3459 Haec
1066 3400 1183 3477 quidem

189 3496 277 3560 verba
305 3494 371 3556 sana
399 3492 481 3569 sunt,
519 3490 567 3553 sed
600 3494 797 3571 praecedentia
828 3492 893 3557 sunt
909 3494 1002 3568 ⁵valde
1037 3512 1182 3576 corrupta.
1304 3578 1306 3582 ι

192 3596 271 3673 Quid
288 3595 367 3655 enim
385 3593 456 3655 haee
478 3590 528 3653 libi
544 3590 663 3667 volunt3
693 3593 729 3653 ad
746 3610 848 3655 vocem
866 3592 946 3651 exul:
968 3593 999 3651 r'd
1016 3594 1183 3673 essParrlus

192 3693 394 3763 &Germarurn
452 3684 551 3763 Caefiar
569 3684 693 3763 scilicet,
707 3710 758 3769 quo
778 3692 844 3749 duce
862 3692 999 3751 Germanis
1021 3692 1048 3751 (r
1069 3690 1183 3751 Paridis

192 3791 282 3866 vidis,
313 3790 412 3851 milites
436 3788 548 3849 Ararim
578 3787 737 3847 Germaniae
766 3788 867 3865 flumen
894 3788 1021 3849 biberunt.
1101 3784 1183 3861 Quis·

192 3909 258 3953 nam
272 3888 370 3951 sensus
388 3889 419 3949 in
440 3888 484 3949 his
510 3885 628 3952 verbis?
663 3885 681 3947 lr
708 3886 785 3947 enim
807 3885 941 3952 biberunt
963 3903 1000 3945 ex
1021 3883 1098 3945 Arari
1120 3882 1183 3945 Par·

192 3987 235 4050 thi
245 3992 298 4055 &a
315 4008 366 4051 cur
383 3985 455 4049 illud
474 3986 547 4047 adeo
564 3982 734 4063 impulsrbile
750 3985 894 4061 praedicat
908 3981 1060 4060 Virgilius?
1089 3979 1181 4059 adde,

193 4088 267 4165 quod
283 4090 311 4152 ἃ
328 4087 359 4149 in
374 4104 410 4147 eo
425 4082 586 4164 glullemate
603 4084 669 4148 Arar
681 4084 712 4146 in
722 4082 873 4149 Germania
884 4093 1024 4160 ponatur,
1042 4096 1128 4158 quem
1143 4094 1184 4160 tae
