3225 5017
1134 478 1229 599 ’Φ
1343 510 1396 567 0
1509 475 1605 598 ἐ
2239 505 2388 578 xv·

387 702 830 782 fluminibus,
898 654 1258 791 stag'nis's.
1300 694 1667 791 paludibus
1694 744 1716 778 ‚
1767 691 2083 788 impreffo
2118 694 2379 792 Rhegii

383 843 441 897 a.
493 826 699 908 1481.
765 810 917 884 folii
961 809 1204 882 forma.

474 999 664 1069 Dein
704 993 863 1083 Joh.
917 995 1056 1081 Jac.
1097 989 1372 1097 Claudii
1402 1040 1424 1071 ,
1480 992 1594 1063 cui
1648 991 2029 1085 theologica
2067 993 2170 1093 *ab
2207 995 2374 1068 Gal·v

381 1112 466 1182 lis
504 1114 577 1181 in
605 1110 958 1182 Britannia
1006 1110 1069 1178 &
1123 1105 1404 1198 quidem
1453 1104 1762 1177 Londini
1815 1108 2172 1199 provincia
2213 1108 2375 1185 data

382 1219 555 1304 fuit,
646 1238 849 1293 notae
885 1221 971 1291 ad
1001 1218 1299 1291 Vibium
1342 1216 1796 1311 Sequestrem.

479 1404 694 1474 Porro
733 1398 1012 1474 Heffelii
1060 1396 1273 1492 ipsius
1296 1446 1319 1486 ‚
1382 1398 1544 1487 Joh.
1587 1399 1831 1471 Herm.
1888 1370 2317 1478 Sihminckii
2343 1449 2366 1486 ,

379 1511 566 1587 Iselii
603 1517 666 1587 &
701 1518 1015 1587 Duckeri
1046 1516 1665 1588 commentationes
1716 1513 2101 1608 epistolicae
2121 1517 2371 1611 Oaxis.¹

453 1647 818 1769 'Libellum
851 1696 1184 1769 claudunt
1233 1694 1518 1769 indices,

476 1877 711 1948 Serius
766 1873 1116 1948 submissas
1168 1875 1254 1947 ab
1317 1872 1534 1948 Hadr.
1576 1876 1890 1949 Relando
1962 1894 2173 1971 atque
2206 1878 2375 1967 Joh.*

379 1992 716 2064 Cornelio
775 1991 857 2061 de
894 1992 1114 2063 Pauw
1147 1987 1773 2062 animadversiones
1805 1993 1882 2061 in
1932 1991 2225 2065 Vibium
2244 1995 2365 2066 Sea

378 2103 772 2197 questrem,
817 2120 902 2174 ut
934 2119 1128 2174 etant
1172 2101 1512 2193 epistolari
1554 2102 1708 2174 stilo
1750 2122 2115 2196 conceptae
2140 2156 2161 2186 ‚
2185 2131 2372 2199 prae<

373 2215 636 2290 sationi
698 2213 859 2289 suae
922 2211 1323 2316 subjunfflts
1404 2217 1480 2285 in
1511 2212 1743 2286 fronte
1808 2217 2084 2294 locavit.

479 2400 824 2480 Demum,
869 2419 1084 2491 quas,
1141 2393 1306 2466 teste
1367 2390 1544 2467 Phil.
1608 2390 1986 2468 Tomafino
2039 2398 2118 2468 in
2187 2397 2367 2471 Bibl.

374 2512 749 2592 Patavina,
799 2526 1152 2602 paraverat
1188 2511 1267 2579 in
1310 2511 1662 2596 andtprem
1697 2507 2011 2581 nostrum
2075 2509 2366 2583 adnota-

376 2627 730 2699 tiunculas
745 2626 1115 2717 Pignorius
1135 2673 1161 2708 a
1192 2621 1484 2714 adjicere
1524 2619 1809 2714 optaffet
1838 2622 1994 2717 jure
2045 2620 2170 2697 suo
2195 2619 2365 2699 Hes-

378 2736 590 2815 selius
621 2769 644 2821 3
700 2761 946 2811 verum
984 2735 1291 2832 perditae
1333 2735 1688 2809 videntur.

1359 4169 1432 4313 ³<
1476 4168 1549 4267 ><
1599 4183 1647 4242 2
