3225 5017
393 499 401 513 ·
502 435 579 532 an
637 472 860 538 mortuas
1101 493 1174 577 295

183 631 255 694 cers.
281 648 351 708 340.
378 626 462 692 Silius
485 627 517 692 Ι.
536 629 619 696 xlv.
635 630 707 693 vers.
730 654 777 708 59.
811 634 942 700 Lucanus
953 637 986 705 I..
995 637 1031 706 V.
1043 640 1112 705 vers.
1126 663 1175 722 99.

178 730 213 794 Ι.
235 728 259 791 Ι.
282 726 492 822 vers-Mb&
519 727 552 791 l..
572 727 613 790 X.
637 729 708 796 vers.
728 752 801 811 447.
844 733 1019 801 Claudianus
1040 740 1076 802 de
1095 759 1179 822 raptu

177 826 308 906 Proserp.
325 822 358 893 l..
376 826 399 890 Ι.
411 847 439 893 v.
457 847 524 901 15¹·
545 826 599 890 Cui
618 829 846 906 ergot’oerarurn
861 853 921 895 non
938 836 1029 899 ditius
1042 840 1082 900 est
1094 861 1178 904 mons

176 928 264 990 isthic
277 924 501 991 famoirlirmusl
524 926 720 1002 Quamobrem
737 929 846 994 Seneca
865 931 960 1011 lepide
972 933 1078 1012 scripsit
1100 939 1178 1018 epist.

180 1047 231 1104 79.
254 1045 292 1087 ex
307 1025 430 1090 Rubenii
447 1024 632 1100 coniectura,
650 1046 736 1104 quam
749 1028 877 1092 dilaudat
891 1030 1053 1096 Gronovius
1069 1039 1176 1112 major:

178 1128 248 1191 Nora
266 1125 430 1205 asianum,
456 1125 529 1204 quod
540 1124 616 1204 islam
639 1145 731 1184 turm
752 1127 867 1208 irnputes
889 1129 970 1188 milri:
1001 1133 1089 1192 morbo
1112 1134 1179 1193 eninr

174 1242 227 1285 tuo
252 1225 368 1284 daturus
390 1243 470 1296 eras,
491 1221 594 1297 etiamst
604 1243 679 1283 nemo
701 1227 849 1288 mandaret.
885 1229 964 1306 Quid
982 1231 1032 1290 tibi
1057 1237 1115 1304 do,
1146 1255 1178 1294 ne

177 1324 299 1383 Aetnam
314 1315 450 1400 describas
465 1320 494 1379 ira
521 1337 569 1378 ruo
593 1322 726 1391 camum,
754 1345 788 1382 ru
807 1325 877 1384 Arme
897 1320 1038 1400 ,Arlermern
1060 1330 1180 1390 omnibus

173 1421 268 1504 poitis
284 1419 373 1480 locum
396 1417 543 1499 attingas?
564 1421 619 1482 &c
654 1435 793 1484 nassau.
878 1425 990 1488 Notum
1019 1427 1051 1486 in
1076 1427 1178 1506 vulgus

179 1523 210 1584 dt
230 1520 324 1582 citatis
344 1522 495 1596 poetarum
512 1515 583 1580 locis
607 1519 854 1598 comprobatum,
889 1523 982 1602 prisco
1006 1543 1077 1588 aevo
1109 1526 1177 1588 Vul-
1265 1561 1269 1570 «

178 1619 245 1682 cani
260 1621 289 1680 dc
312 1615 472 1697 Cyclopum
490 1616 624 1678 ardentes
640 1617 768 1682 officinas
795 1619 847 1682 sub
864 1623 954 1685 Aetna
980 1622 1102 1700 locatas,
1139 1643 1177 1689 ex

178 1717 285 1796 quibus
308 1716 397 1793 ruptis
420 1714 584 1776 fornacibus
619 1717 707 1778 efflari
734 1717 850 1779 flamrm
876 1721 1054 1787 credebatur.
1104 1724 1178 1800 Apta
1241 1725 1244 1735 '

177 1817 276 1883 forsan
293 1816 401 1894 magis,
422 1833 509 1893 quam
530 1831 597 1874 vera
613 1817 692 1876 vocis
716 1815 815 1894 origo,
847 1819 966 1896 repetita
996 1839 1012 1880 a
1036 1818 1175 1882 Bocharto

177 1919 210 1980 in
227 1915 321 1978 Chan-
345 1915 376 1979 Ι..
391 1913 415 1975 Ι.
429 1932 456 1977 c.
472 1923 520 1984 28·
536 1892 572 1973 ab
595 1929 740 1990 minu,
766 1909 890 1994 sternax,
917 1917 1045 1980 caminus.
1095 1917 1177 1982 ldent

178 2033 279 2079 tamen
297 2017 356 2076 &a
374 2011 489 2094 caligine
506 2009 584 2089 polle
607 2011 729 2074 derivari
748 2015 901 2084 concedit,
921 2037 976 2094 qua
991 2035 1074 2078 mons
1090 2018 1177 2080 inter.

179 2117 231 2177 diu
250 2113 393 2175 obductus
415 2108 604 2187 conspicuum
627 2111 706 2189 quod
726 2114 754 2171 dr
772 2125 882 2173 veteres
898 2158 908 2186 ,
929 2115 960 2179 in
978 2102 1024 2176 bis
1040 2116 1177 2178 Pindarus

178 2214 260 2294 apud
277 2211 402 2275 Gellium
426 2209 456 2271 Ι..
476 2207 570 2272 XVII.
588 2227 615 2273 c.
634 2229 680 2269 ro.
699 2209 800 2271 Strabo
815 2209 847 2275 L.
865 2209 915 2278 Vl.
931 2231 961 2290 p.
980 2230 1048 2290 274.
1074 2212 1180 2280 testan÷

179 2327 229 2377 tur
250 2314 278 2374 ἃ
297 2309 491 2383 recentiores,
514 2306 783 2386 maximeFazellus
804 2309 875 2372 Dec.
897 2309 919 2372 Ι.
947 2311 976 2374 L.
991 2311 1030 2378 ll.
1059 2331 1122 2390 cap.
1147 2333 1177 2386 4.

165 2413 261 2475 ‘Prius
275 2423 395 2489 etymon
411 2405 522 2469 calculo
541 2406 590 2468 suo
611 2405 715 2484 probat
738 2401 957 2471 D'Hancatville
977 2410 1005 2470 in
1027 2409 1116 2472 Praef.
1140 2410 1177 2471 ad

180 2509 247 2573 vala
266 2507 381 2575 Etrusca
403 2505 581 2570 Hamiltonii.
625 2505 660 2566 ln
676 2505 863 2570 describendo
891 2509 988 2570 Aetna*
1003 2509 1109 2573 multus
1136 2511 1177 2573 eli

179 2610 282 2676 Strabo
295 2607 315 2670 l.
334 2627 359 2670 c.
377 2625 503 2684 quocum
522 2604 730 2670 conferendum
754 2611 858 2685 poe'ma
870 2607 995 2669 Cornelii
1006 2610 1120 2683 Severi,
1143 2611 1174 2670 in
1226 2663 1229 2668 r

180 2709 231 2772 suo
255 2725 359 2789 genere
382 2706 510 2769 unicum.
541 2703 705 2766 Recentiori
729 2724 801 2766 aevo
825 2707 932 2772 Aetnae
957 2707 1176 2786 topographiana

180 2815 209 2875 dt
229 2809 374 2872 historiam
398 2805 596 2869 incendiorum
616 2807 679 2878 ejus
700 2805 780 2867 dedit
803 2808 908 2870 Anton.
953 2805 1118 2868 Philotbeus
1138 2807 1176 2866 dc

177 2908 351 2994 Homadeis.
383 2903 533 2982 Descripsit
557 2905 682 2966 eundem
703 2904 800 2967 Petrus
819 2905 942 2982 Cassera.
975 2904 1126 2983 Utriusque
1144 2904 1177 2964 li·

179 3010 275 3072 bellus
293 3006 412 3068 insertus
433 3002 697 3083 legiturThelaaro
715 3019 773 3065 ant.
796 3004 852 3066 Sic.
878 3004 914 3066 T.
932 3003 986 3070 IX.
1009 3003 1090 3066 Varia
1106 3023 1175 3082 quo-

181 3127 239 3186 que
262 3125 322 3167 non
341 3123 378 3166 ex
400 3103 485 3164 trivio
504 3099 665 3165 observavit
679 3101 860 3182 Brydonius‚
879 3105 961 3180 cujus
979 3102 1105 3164 Siculum
1122 3103 1176 3162 iter

182 3209 241 3282 jam
261 3203 384 3266 antehac
406 3201 567 3264 citavimus.
623 3201 805 3262 Hodiernum
826 3221 933 3262 nomen
956 3203 1061 3264 Aetnae
1081 3200 1176 3262 Mont-

185 3303 305 3368 Gibello.
339 3301 417 3364 Olim
440 3294 564 3375 Imesam
579 3318 694 3378 quoque
717 3299 826 3366 dietum
845 3303 873 3359 δι
895 3303 1069 3362 montem&
1095 3301 1177 3379 oppi-

183 3405 255 3466 dum
269 3400 447 3484 apposrtum‚
458 3398 541 3478 supra
553 3418 590 3459 ex
609 3398 749 3462 Strabone
767 3397 941 3464 ostendimus
956 3417 1019 3478 pag.
1036 3417 1104 3479 231.
1133 3399 1171 3464 O.

585 3579 769 3693 Agragas
798 3616 805 3712 ὑ·
848 3655 859 3716 -.'
893 3707 895 3714 Α
938 3585 941 3590 ’

223 3779 358 3862 Virgilius
379 3779 449 3840 Aen.
472 3777 505 3840 l..
526 3775 579 3839 ΙΙΙ.
600 3797 630 3846 v.
653 3795 722 3856 703.
871 3826 882 3837 ..

308 3879 422 3941 Arduus
438 3877 499 3936 iride
519 3876 650 3958 Agragas
664 3877 774 3958 ostentat
794 3875 915 3938 maxiraa
937 3875 1012 3957 longe

307 3977 425 4042 Moenia
429 3995 444 4046 ;
465 3975 660 4058 magnarumum
678 3977 810 4056 quondam
830 3991 967 4057 generator
992 3987 1121 4050 equorum.

185 4096 234 4159 ubi
248 4093 372 4159 Servius.
397 4088 486 4152 Mores
504 4088 539 4170 esi
557 4109 642 4168 muro,-
664 4088 785 4163 cinlius,
826 4087 855 4145 in
881 4061 959 4165 cujus
978 4078 1082 4158 summa
1099 4098 1177 4169 parte

716 4211 743 4272 T
764 4230 784 4282 4
