3225 5017
496 338 502 367 l
560 359 563 365 .
1322 357 1326 366 .

595 412 645 539 ὲ
700 446 727 509 0
782 408 834 537 ἐ
950 452 954 458 ·
1160 438 1218 521 nr

270 623 419 717 Reliqua
438 612 500 693 ista
530 606 654 693 lubens
682 623 896 715 ignorarem,
923 620 1028 693 modo
1063 638 1212 699 aetatem

223 734 324 831 figere
352 738 471 807 liceret
492 730 700 813 adculatius.
752 735 888 806 Verum
919 736 952 808 δι’
978 734 1036 808 hic
1059 744 1211 813 coecuti-

222 874 309 929 mus.
332 849 425 922 Audi
441 845 629 920 Helselium
645 851 683 920 in
706 845 936 941 praefatione:
989 906 1012 941 „
1029 854 1111 939 Qua
1125 878 1211 925 vero

225 1018 246 1053 „
271 962 469 1055 tempestate
490 965 527 1033 in
544 964 616 1033 vita
637 959 743 1034 suerit
757 962 887 1035 Vibius
905 964 1102 1057 Sequester‚
1118 964 1215 1039 haud

224 1131 244 1165 ,‚
269 1074 353 1169 sciri
366 1076 487 1169 potest.
543 1072 704 1149 Lucanus
719 1078 864 1168 'quidem
879 1078 970 1171 apud
994 1103 1074 1149 eum
1096 1104 1220 1151 recena

223 1218 248 1259 n
273 1186 419 1261 tiffimus
454 1214 498 1262 ex
528 1186 657 1282 septem
683 1190 884 1262 annotinus
912 1192 1058 1263 laudatis
1087 1193 1134 1263 est
1149 1223 1160 1274 3
1182 1196 1217 1266 ἃ

226 1362 247 1398 ‚,
272 1302 315 1373 ab
336 1328 376 1373 eo
396 1314 476 1397 prae
495 1306 617 1375 ceteris
636 1307 766 1396 poetis,
792 1307 854 1396 qui
873 1302 1024 1391 exstant,
1042 1306 1060 1401 (
1076 1330 1155 1377 nam
1173 1306 1216 1378 de

228 1476 249 1511 „
275 1414 419 1500 amisfis,
459 1420 522 1511 qui
566 1414 637 1489 sine
668 1414 902 1489 controverfia
934 1416 1218 1493 multifariamei

226 1584 246 1620 „
274 1556 397 1627 magno
420 1530 500 1605 usui
519 1529 684 1616 suerunt,
713 1530 801 1603 mihi
838 1532 919 1604 licet
952 1528 1054 1604 fateri
1085 1530 1218 1604 nescire

226 1698 247 1735 „
275 1647 370 1738 quod
386 1644 557 1741 nesciam)
574 1644 752 1719 adhibitus
767 1649 806 1717 in
824 1644 1010 1718 fluminum
1024 1698 1034 1728 ,
1049 1639 1222 1735 fontium,'

225 1812 246 1847 „
273 1762 429 1844 lacuum,
456 1784 663 1845 nemorum,
689 1760 878 1853 paludum,
898 1762 1094 1842 montium,
1135 1785 1219 1855 gen..

227 1926 247 1961 „
275 1876 365 1944 tium
382 1875 582 1947 colleilione
604 1870 752 1971 dispersa
776 1870 870 1946 suit:
905 1890 941 1945 at
958 1876 1014 1955 is,
1047 1870 1112 1945 nili
1134 1872 1220 1966 quid

227 2041 247 2077 „
276 2011 331 2069 me
358 1984 539 2075 fefellerit,
564 1990 698 2081 aliquot
724 1985 866 2060 saeculis
896 1986 971 2079 post
995 1988 1109 2059 civilis
1137 1986 1221 2057 belli

228 2157 248 2191 ‚‚
275 2100 481 2195 scriptorem
496 2088 594 2183 hoc,
625 2101 871 2193 quodcumque
895 2099 1095 2181 habemus,
1124 2100 1222 2193 gnati

228 2278 249 2311 „
276 2212 385 2289 caussa
412 2216 535 2307 retulit
554 2217 593 2287 in
612 2215 780 2285 libellum.
831 2215 996 2303 Loquor,
1015 2229 1057 2281 ut
1076 2215 1224 2303 opinorz

228 2383 250 2417 „
277 2326 422 2421 speciem
445 2330 540 2399 enim
556 2328 709 2421 aliquam
737 2322 861 2397 videor
884 2324 937 2397 ibi
958 2320 1077 2397 vidisse
1101 2348 1226 2417 parum

229 2496 250 2529 „
278 2445 424 2516 recentis
447 2466 465 2511 a
490 2438 675 2533 Caesarum
699 2456 809 2511 aetate
833 2436 1082 2533 geographiam
1109 2441 1225 2535 caligi-

228 2610 250 2645 „
278 2580 426 2648 nemque
445 2556 830 2649 temporumillorum‚
869 2552 999 2645 quibus
1030 2552 1227 2627 litterarum

230 2728 252 2763 „
279 2672 397 2741 lumen
415 2669 667 2763 propemodum
695 2664 884 2755 defecerat,
900 2668 942 2761 ¹&
962 2662 1057 2759 quasi
1074 2667 1228 2758 quodam

228 2837 250 2871 „
281 2783 382 2853 modo
413 2786 588 2875 piaculum
613 2780 726 2855 fuisset
749 2784 871 2855 Latine
904 2766 1098 2852 luculenter
1125 2777 1227 2858 scire.

192 2948 196 2955 .
230 2950 251 2985 „
280 2895 388 2983 Quod
417 2892 522 2989 siquis
547 2898 625 2969 vult
650 2912 770 2969 contra
805 2920 861 2965 me
893 2894 1124 2983 contendere,
1159 2890 1226 2965 Vi·

231 3009 380 3097 „bium
412 3005 508 3080 fuisse
539 3028 661 3082 natum
701 3008 906 3081 melioribus
946 3011 1077 3088 annis3
1123 3007 1225 3081 &ad
1292 3074 1297 3080 .

232 3178 253 3211 ,‚
281 3127 382 3201 Basilia
406 3122 567 3211 insperatae*
590 3122 673 3197 maol
704 3123 841 3217 ςοιχιῖονζ
876 3137 938 3193 aut
958 3119 1092 3216 aliquid
1110 3120 1147 3191 id
1168 3146 1228 3217 ge-¹

232 3293 253 3328 ,‚
281 3263 347 3311 nus
368 3240 637 3320 colleilaueum,
663 3238 853 3309 multarum
879 3258 998 3309 rerum
1023 3230 1231 3307 accessiones

232 3408 254 3443 „
282 3348 378 3425 fuisse
395 3350 498 3423 satias
513 3350 728 3443 plurifariam
743 3373 803 3441 per
821 3346 980 3422 homines
997 3343 1223 3419 semidoflos:

214 3526 255 3561 .„
280 3490 342 3539 nae
364 3468 423 3537 ille
453 3468 569 3537 minus
588 3488 701 3539 acrem
720 3467 842 3536 nuilus
861 3458 1096 3534 adversarium
1114 3465 1232 3551 erit„

284 3664 378 3735 Haec
400 3664 517 3751 omnia
534 3675 575 3734 ut
597 3661 720 3735 lubens
743 3662 954 3755 amplector,
971 3664 1021 3733 ita
1037 3675 1153 3733 tamen
1168 3642 1232 3767 ne3³

238 3802 330 3870 queo
343 3801 364 3857 ‚¹
378 3778 464 3869 quin
481 3778 520 3847 in
544 3778 696 3869 priorem
714 3771 920 3847 sententiam
938 3772 1000 3846 firn
1023 3774 1134 3845 multo
1152 3780 1231 3860 pro·-
1297 3839 1299 3845 ,

123 3888 125 3891 ’
237 3888 401 3991 pensem,
426 3889 650 3995 credamque,
679 3889 754 3990 post
771 3887 930 3962 eversum
950 3890 1140 3981 Imperium
1162 3884 1235 3955 Oc·'

241 4005 388 4075 cidentls
410 4004 607 4078 Romanum
633 3998 751 4104 vixisse
772 4002 1012 4096 Sequestrem,
1033 3999 1157 4090 quinto
1179 3992 1236 4108 vel

783 4102 868 4191 )(4
