3225 5017
537 450 608 544 nn
686 422 855 511 ns'cus
1097 466 1178 550 249

180 611 267 693 poffit
281 610 379 673 referri
398 624 570 687 pronomen.
601 608 647 669 Sic
665 626 735 669 mox
758 606 922 670 Inatamana
943 611 1046 685 larus,
1068 637 1102 676 ex
1130 640 1181 700 qua

178 711 230 773 sed
254 709 295 771 ibi
311 722 409 773 umen
423 706 500 770 adest
514 705 607 789 ipsum
643 706 821 770 vocabulum
848 708 937 773 laur.
1201 710 1205 716 '

579 803 765 873 D’ORVILLE
785 807 815 866 iu
834 808 931 867 critica
945 832 1043 874 vunnu.
1060 834 1090 892 p.
1109 834 1178 884 222.

180 950 202 980 .,
224 906 299 969 Puto
323 906 417 986 legisse
433 904 557 985 ,Vibium
576 904 696 980 alicubi,
723 924 774 983 per
794 906 912 984 Cyanen
941 909 1064 973 mansisse
1085 913 1182 978 Pluto·

181 1050 205 1079 ,‚
227 1024 296 1067 nent
328 1026 396 1068 cum
419 1004 582 1083 Proserpina
603 1005 633 1063 iu
654 1004 780 1082 Stygiam
809 1004 966 1082 paludem,
994 1008 1082 1086 ipsam
1112 1032 1182 1076 vero

181 1148 204 1178 „
227 1104 347 1183 Cyanen
367 1104 492 1169 delicere
507 1105 537 1166 in
553 1104 690 1179 Anapum.
701 1144 724 1177 „
767 1101 813 1165 Ita
832 1103 942 1178 judicat
960 1104 1108 1171 Cluverius
1122 1111 1179 1179 Sic.

180 1214 240 1267 ant.
256 1202 286 1265 L.
309 1202 330 1265 l.
346 1222 372 1267 c.
392 1222 440 1279 ¹3·
464 1201 538 1269 Cum
555 1206 704 1279 poetarum
719 1200 789 1264 locis
808 1203 936 1265 manime
952 1204 1051 1267 Ovidii
1065 1208 1183 1273 &Clau

181 1302 281 1376 diani,
301 1303 349 1380 qui
364 1302 483 1380 Cyanen
499 1300 658 1380 nympham
675 1298 810 1379 lacrymis
825 1300 864 1364 ob
878 1316 991 1380 raptam
1006 1304 1097 1367 Deam
1112 1326 1182 1370 con.

181 1414 330 1480 temtaque
350 1402 439 1464 fontis
463 1404 525 1476 juta
544 1399 586 1463 sui
605 1398 763 1463 absumtam
790 1400 872 1463 &in
896 1400 1039 1479 liquidum
1069 1404 1182 1470 fontem

182 1513 324 1565 mutatam
345 1498 491 1573 referunt,
515 1498 660 1564 Diodorus
680 1498 735 1561 Sic.
755 1497 965 1564 &Plutarchus
980 1506 1183 1567 maximeccn.

183 1598 297 1665 serendi
318 1596 392 1667 sunt.
424 1596 451 1663 Is
470 1597 549 1657 enim
566 1597 596 1659 L.
611 1596 647 1662 V.
665 1616 690 1659 c.
713 1618 742 1671 4.
761 1617 778 1659 a
794 1596 915 1661 Plutone
935 1600 991 1676 ibi,
1015 1602 1064 1664 ubi
1079 1618 1184 1673 terrain

184 1695 348 1774 dirupisset,
370 1696 480 1759 fontem
499 1695 619 1774 Cyanen
637 1696 812 1773 productum
839 1696 956 1769 scribit,
986 1692 1064 1779 apud
1097 1724 1186 1782 quens

185 1792 345 1860 solemnem
361 1795 456 1873 postea
473 1796 626 1873 quotannis
639 1796 797 1874 panegyrin
814 1796 985 1859 celebrarint
999 1800 1184 1880 Syracusani,

185 1892 326 1959 sacrificiis
350 1895 434 1961 etiarn
451 1893 566 1971 publice
580 1894 770 1973 privatimque
789 1897 918 1973 peractis.
947 1898 1046 1960 Hicin
1064 1898 1184 1966 Paralle·

187 1990 219 2055 lis
237 1994 357 2076 Cyanen
369 1992 509 2072 Cyanippi
530 1994 617 2071 patris
629 1994 737 2058 crimen
750 1992 836 2070 ipsius
851 1994 955 2072 suaque
974 2015 1047 2059 nece
1062 1999 1185 2077 expiasse

187 2106 405 2161 commemorat.
437 2092 533 2159 Hodie
548 2091 659 2155 fontem
679 2091 714 2152 ab
734 2090 840 2156 accolis
863 2092 920 2158 dici
940 2090 971 2154 la
993 2090 1112 2171 Pisaea,
1142 2099 1186 2161 in.

110 2242 112 2263 ,
186 2206 359 2277 gentemque
380 2190 435 2257 esse
450 2192 486 2253 ad
502 2192 622 2257 modum
640 2190 750 2268 stagni,
773 2190 852 2278 unde
869 2191 946 2257 rede
963 2187 1092 2253 Diodoro
1117 2192 1137 2253 l.
1157 2214 1184 2264 c,

110 2302 111 2307 ’
190 2286 449 2367 dicaturum&
479 2290 564 2355 Vibio
590 2291 665 2357 inter
693 2288 771 2357 lacus
800 2287 995 2365 recenseatur,
1024 2292 1121 2358 nudor
1146 2292 1187 2361 est

191 2389 348 2459 Cluverius.
377 2388 498 2456 Flumen
516 2410 533 2455 a
551 2389 632 2457 fonte
647 2388 791 2467 profluens
806 2388 870 2469 post
881 2385 961 2450 mille
971 2388 1082 2455 circiter
1094 2389 1187 2467 passus

192 2491 307 2559 dextrae
332 2476 422 2567 niapi
441 2478 518 2567 ripae
535 2488 721 2561 adfunditur,
736 2486 816 2570 quod
838 2486 951 2553 testatur
968 2486 1055 2553 idern.
1089 2486 1186 2557 Paullo

189 2590 270 2655 aliter
286 2608 320 2657 ea
335 2589 371 2659 de
395 2608 425 2653 re
442 2586 498 2653 Th.
519 2586 647 2653 Fazellus
670 2588 707 2655 de
720 2585 793 2650 Reb.
809 2585 864 2649 Sic.
884 2584 916 2661 L.
932 2584 980 2651 1v.
996 2604 1021 2651 c.
1041 2602 1069 2647 2.
1107 2627 1132 2660 μ
1143 2588 1187 2653 rid

189 2731 211 2764 „
232 2688 327 2775 Anapi
350 2688 480 2753 dextram
500 2687 531 2751 in
549 2705 584 2751 eo
600 2684 665 2753 loco
683 2686 742 2753 duo
760 2686 889 2771 ingentes
903 2695 1058 2763 erurrtpunt
1074 2684 1186 2765 fontes,

191 2834 214 2866 „
236 2789 374 2863 major&
394 2787 506 2861 minor,
528 2805 617 2864 parvo
635 2787 713 2855 iuter
731 2784 759 2844 se
778 2782 869 2865 spatio
894 2782 1039 2847 distantes.
1082 2782 1189 2859 majori

190 2934 211 2971 „
233 2888 324 2951 hodie
338 2878 446 2975 pisina,
467 2885 572 2951 minori
585 2879 717 2961 Pismot‘ia
734 2882 790 2947 five
808 2874 901 2961 Pistre
917 2880 1001 2945 cirini
1019 2880 1186 2950 estnumen.

190 3032 211 3063 „
233 2986 333 3068 Maior
365 2985 456 3047 fluens
486 2984 602 3050 dextera
626 2982 667 3049 sui
692 2998 771 3063 parte
793 2982 935 3047 minorem
967 2982 1069 3059 recipit
1096 2984 1124 3043 ἃ
1151 2981 1189 3045 sic

192 3131 213 3163 ‚,
236 3088 338 3148 ansius
369 3104 430 3145 non
449 3082 535 3160 longe
557 3081 619 3160 post
648 3084 748 3159 Anapo
777 3079 911 3141 illabitur.
959 3078 1190 3156 Cyanesitaque

191 3227 213 3260 „
236 3184 304 3246 sons
323 3183 400 3260 apud
415 3197 525 3245 veteres
544 3180 659 3261 insignis
676 3172 769 3259 Pisma
797 3164 881 3236 sitisti
901 3180 927 3240 dr
950 3170 1083 3249 Pismotia
1103 3175 1190 3239 hodie

191 3326 214 3358 „
236 3295 378 3347 vocatur:
402 3282 531 3359 adeoque
551 3277 705 3343 immensae
727 3275 929 3357 profunditatis
947 3273 1009 3346 est,
1046 3286 1079 3337 ut
1097 3274 1192 3341 homi·

190 3422 212 3456 ,‚
233 3400 307 3448 num
317 3378 522 3458 perpendiculo
532 3381 560 3442 u
571 3377 687 3441 funibus
699 3395 763 3438 eam
779 3372 1016 3452 perscrutantium
1024 3371 1106 3452 spem
1117 3374 1190 3443 senr-

191 3522 214 3555 „
235 3496 288 3557 per
310 3476 418 3545 eludat.
441 3478 539 3557 Cyane
557 3466 754 3555 Syracusarum
768 3472 834 3535 suns
851 3470 920 3536 teste
939 3470 1030 3537 Plinio
1048 3474 1192 3539 crescente
1208 3483 1211 3493 '

193 3622 216 3653 ‚,
237 3576 307 3643 luna
322 3575 422 3641 crescit
443 3580 470 3639 dr
490 3597 523 3639 ea
545 3576 697 3639 deficiente
721 3572 877 3642 decrescit,
902 3572 981 3651 quod
1003 3590 1056 3636 nos
1072 3570 1123 3635 usu
1144 3589 1193 3631 ve·

194 3719 217 3752 ‚,
239 3677 302 3741 nite
318 3673 453 3739 vidimus.
490 3678 605 3753 Anapus
629 3674 732 3739 fluvius
750 3673 852 3751 (haec
871 3690 926 3749 ego
946 3670 982 3736 ad
997 3688 1061 3747 pag·
1079 3676 1128 3741 ⁶5·
1141 3687 1193 3729 uo·

195 3818 218 3850 „
240 3787 299 3837 tata
321 3771 433 3852 velim)
468 3794 518 3853 per
542 3774 651 3852 aliquot
683 3770 814 3851 passuum
840 3768 930 3835 millia
954 3763 1128 3831 incredibilis
1153 3764 1192 3829 est

198 3916 221 3948 ,‚
241 3873 432 3937 amoenitatis.
463 3872 560 3938 'ledis
583 3890 708 3949 namque
735 3870 839 3932 fronde
863 3867 969 3943 saligna
991 3881 1025 3924 ac
1046 3858 1192 3938 populea,
1268 3945 1271 3951 Ι
1399 3859 1404 3869 ’

197 4015 222 4045 ‚‚
242 3969 403 4049 crystallino
419 3970 520 4047 alveo,
535 3970 671 4035 viridibus
683 3971 767 4047 ripis,
785 3968 857 4029 mira
876 3963 1039 4043 placiditate
1054 3959 1126 4021 fluit
1151 3958 1194 4022 Pi·

203 4111 226 4143 ‚,
247 4068 391 4136 scule'ntus
404 4070 462 4147 eli,
476 4090 510 4135 ac
525 4068 628 4149 scapha
641 4082 702 4131 tutu
716 4086 793 4130 anno
807 4060 982 4141 navigabilis.
999 4102 1022 4133 „
1040 4055 1194 4139 Hucusque

652 4190 847 4287 ‚Qs
