<?xml version="1.0" encoding="UTF-8"?>
<!DOCTYPE html PUBLIC "-//W3C//DTD XHTML 1.0 Transitional//EN"
    "http://www.w3.org/TR/xhtml1/DTD/xhtml1-transitional.dtd">
<html xmlns="http://www.w3.org/1999/xhtml" xml:lang="en" lang="en">
 <head>
  <title>
</title>
<meta http-equiv="Content-Type" content="text/html;charset=utf-8" />
  <meta name='ocr-system' content='tesseract 3.04.00' />
  <meta name='ocr-capabilities' content='ocr_page ocr_carea ocr_par ocr_line ocrx_word'/>
</head>
<body>
  <div class='ocr_page' id='page_1' title='image "./vibiussequester00sequgoog_0017.png"; bbox 0 0 3225 5017; ppageno 0'>
   <div class='ocr_carea' id='block_1_1' title="bbox 406 368 1029 551">
    <p class='ocr_par' dir='ltr' id='par_1_1' title="bbox 406 368 1029 551">
     <span class='ocr_line' id='line_1_1' title="bbox 406 368 1029 551; baseline 0.003 -2"><span class='ocrx_word' id='word_1_1' title='bbox 406 463 455 521; x_wconf 74' lang='lat' dir='ltr'>v1</span> <span class='ocrx_word' id='word_1_2' title='bbox 793 368 1029 551; x_wconf 61' lang='grc' dir='ltr'>Μ</span> 
     </span>
    </p>
   </div>
   <div class='ocr_carea' id='block_1_2' title="bbox 406 625 1402 839">
    <p class='ocr_par' dir='ltr' id='par_1_2' title="bbox 406 625 1402 839">
     <span class='ocr_line' id='line_1_2' title="bbox 409 625 1402 725; baseline 0.003 -21"><span class='ocrx_word' id='word_1_3' title='bbox 409 686 432 725; x_wconf 83' lang='lat'>„</span> <span class='ocrx_word' id='word_1_4' title='bbox 457 632 562 723; x_wconf 91' lang='lat' dir='ltr'>roqui</span> <span class='ocrx_word' id='word_1_5' title='bbox 582 625 885 723; x_wconf 86' lang='lat' dir='ltr'>quantuscumque</span> <span class='ocrx_word' id='word_1_6' title='bbox 903 632 1090 724; x_wconf 88' lang='lat' dir='ltr'>aliquando</span> <span class='ocrx_word' id='word_1_7' title='bbox 1112 654 1193 705; x_wconf 82' lang='lat' dir='ltr'>reus</span> <span class='ocrx_word' id='word_1_8' title='bbox 1217 633 1402 719; x_wconf 65' lang='lat' dir='ltr'>incuriae}</span> 
     </span>
     <span class='ocr_line' id='line_1_3' title="bbox 406 743 1402 839; baseline -0.003 -22"><span class='ocrx_word' id='word_1_9' title='bbox 406 798 429 835; x_wconf 87' lang='lat'><strong>„</strong></span> <span class='ocrx_word' id='word_1_10' title='bbox 456 746 552 836; x_wconf 91' lang='lat' dir='ltr'>quod</span> <span class='ocrx_word' id='word_1_11' title='bbox 570 744 613 819; x_wconf 88' lang='lat' dir='ltr'>ad</span> <span class='ocrx_word' id='word_1_12' title='bbox 633 747 817 837; x_wconf 85' lang='lat' dir='ltr'>regionum</span> <span class='ocrx_word' id='word_1_13' title='bbox 837 743 1106 839; x_wconf 84' lang='lat' dir='ltr'><strong>descriptionem</strong></span> <span class='ocrx_word' id='word_1_14' title='bbox 1120 749 1297 830; x_wconf 87' lang='lat' dir='ltr'>attinet,a</span> <span class='ocrx_word' id='word_1_15' title='bbox 1312 776 1402 822; x_wconf 90' lang='lat' dir='ltr'>non.</span> 
     </span>
    </p>
   </div>
   <div class='ocr_carea' id='block_1_3' title="bbox 281 855 1401 937">
    <p class='ocr_par' dir='ltr' id='par_1_3' title="bbox 281 855 1401 937">
     <span class='ocr_line' id='line_1_4' title="bbox 281 855 1401 937; baseline -0.001 0"><span class='ocrx_word' id='word_1_16' title='bbox 281 918 292 937; x_wconf 52' lang='lat' dir='ltr'><em>s</em></span> <span class='ocrx_word' id='word_1_17' title='bbox 406 887 433 934; x_wconf 75' lang='lat' dir='ltr'>aa</span> <span class='ocrx_word' id='word_1_18' title='bbox 458 862 597 933; x_wconf 84' lang='lat' dir='ltr'>nemine</span> <span class='ocrx_word' id='word_1_19' title='bbox 616 855 685 931; x_wconf 84' lang='lat' dir='ltr'>fuit</span> <span class='ocrx_word' id='word_1_20' title='bbox 700 861 836 931; x_wconf 81' lang='lat' dir='ltr'>citatus.</span> <span class='ocrx_word' id='word_1_21' title='bbox 872 860 1050 933; x_wconf 85' lang='lat' dir='ltr'>Praeterea</span> <span class='ocrx_word' id='word_1_22' title='bbox 1078 860 1257 933; x_wconf 89' lang='lat' dir='ltr'>hominem</span> <span class='ocrx_word' id='word_1_23' title='bbox 1281 888 1401 936; x_wconf 87' lang='lat' dir='ltr'>meum</span> 
     </span>
    </p>
   </div>
   <div class='ocr_carea' id='block_1_4' title="bbox 406 972 1402 1636">
    <p class='ocr_par' dir='ltr' id='par_1_4' title="bbox 406 972 1402 1636">
     <span class='ocr_line' id='line_1_5' title="bbox 407 972 1402 1068; baseline 0.005 -23"><span class='ocrx_word' id='word_1_24' title='bbox 407 1024 430 1061; x_wconf 89' lang='lat'>‚,</span> <span class='ocrx_word' id='word_1_25' title='bbox 456 988 571 1064; x_wconf 84' lang='lat' dir='ltr'>aperte</span> <span class='ocrx_word' id='word_1_26' title='bbox 599 972 679 1049; x_wconf 82' lang='lat' dir='ltr'>licet</span> <span class='ocrx_word' id='word_1_27' title='bbox 711 974 906 1067; x_wconf 87' lang='lat' dir='ltr'>intelligere</span> <span class='ocrx_word' id='word_1_28' title='bbox 931 977 1126 1067; x_wconf 81' lang='lat' dir='ltr'>complures</span> <span class='ocrx_word' id='word_1_29' title='bbox 1150 986 1268 1068; x_wconf 52' lang='lat' dir='ltr'>poetas</span> <span class='ocrx_word' id='word_1_30' title='bbox 1299 997 1402 1050; x_wconf 86' lang='lat' dir='ltr'>vetu-</span> 
     </span>
     <span class='ocr_line' id='line_1_6' title="bbox 408 1086 1401 1183; baseline 0.003 -24"><span class='ocrx_word' id='word_1_31' title='bbox 408 1140 430 1175; x_wconf 83' lang='lat'>,‚</span> <span class='ocrx_word' id='word_1_32' title='bbox 457 1086 597 1171; x_wconf 89' lang='lat' dir='ltr'>stiores,</span> <span class='ocrx_word' id='word_1_33' title='bbox 618 1090 681 1179; x_wconf 91' lang='lat' dir='ltr'>qui</span> <span class='ocrx_word' id='word_1_34' title='bbox 699 1086 868 1179; x_wconf 87' lang='lat' dir='ltr'>posterius</span> <span class='ocrx_word' id='word_1_35' title='bbox 886 1107 1134 1171; x_wconf 88' lang='lat' dir='ltr'>evanuerunt,</span> <span class='ocrx_word' id='word_1_36' title='bbox 1161 1086 1224 1162; x_wconf 86' lang='lat' dir='ltr'>suo</span> <span class='ocrx_word' id='word_1_37' title='bbox 1244 1108 1401 1183; x_wconf 80' lang='lat' dir='ltr'>tempore</span> 
     </span>
     <span class='ocr_line' id='line_1_7' title="bbox 406 1198 1401 1295; baseline 0.002 -22"><span class='ocrx_word' id='word_1_38' title='bbox 406 1254 429 1291; x_wconf 88' lang='lat'>‚,</span> <span class='ocrx_word' id='word_1_39' title='bbox 457 1198 652 1273; x_wconf 70' lang='lat' dir='ltr'>lectitaviffe</span> <span class='ocrx_word' id='word_1_40' title='bbox 676 1199 789 1272; x_wconf 89' lang='lat' dir='ltr'>nescio</span> <span class='ocrx_word' id='word_1_41' title='bbox 815 1226 919 1293; x_wconf 87' lang='lat' dir='ltr'>quam</span> <span class='ocrx_word' id='word_1_42' title='bbox 947 1200 1117 1275; x_wconf 79' lang='lat' dir='ltr'>studioser</span> <span class='ocrx_word' id='word_1_43' title='bbox 1152 1222 1311 1295; x_wconf 87' lang='lat' dir='ltr'>quorum</span> <span class='ocrx_word' id='word_1_44' title='bbox 1328 1206 1401 1275; x_wconf 81' lang='lat' dir='ltr'>ulla</span> 
     </span>
     <span class='ocr_line' id='line_1_8' title="bbox 407 1312 1401 1409; baseline -0.001 -21"><span class='ocrx_word' id='word_1_45' title='bbox 407 1370 429 1405; x_wconf 81' lang='lat'><strong>„</strong></span> <span class='ocrx_word' id='word_1_46' title='bbox 456 1314 481 1389; x_wconf 81' lang='lat' dir='ltr'>fi</span> <span class='ocrx_word' id='word_1_47' title='bbox 505 1314 674 1388; x_wconf 83' lang='lat' dir='ltr'>exstarent</span> <span class='ocrx_word' id='word_1_48' title='bbox 688 1312 836 1406; x_wconf 85' lang='lat' dir='ltr'>scripta,</span> <span class='ocrx_word' id='word_1_49' title='bbox 861 1340 947 1407; x_wconf 90' lang='lat' dir='ltr'>quae</span> <span class='ocrx_word' id='word_1_50' title='bbox 974 1340 1070 1389; x_wconf 90' lang='lat' dir='ltr'>mens</span> <span class='ocrx_word' id='word_1_51' title='bbox 1093 1316 1140 1388; x_wconf 86' lang='lat' dir='ltr'>est</span> <span class='ocrx_word' id='word_1_52' title='bbox 1166 1315 1271 1388; x_wconf 87' lang='lat' dir='ltr'>hodie</span> <span class='ocrx_word' id='word_1_53' title='bbox 1297 1314 1401 1409; x_wconf 86' lang='lat' dir='ltr'>super</span> 
     </span>
     <span class='ocr_line' id='line_1_9' title="bbox 406 1426 1401 1517; baseline 0 -16"><span class='ocrx_word' id='word_1_54' title='bbox 406 1482 429 1517; x_wconf 88' lang='lat'>„</span> <span class='ocrx_word' id='word_1_55' title='bbox 458 1432 577 1503; x_wconf 91' lang='lat' dir='ltr'>multis</span> <span class='ocrx_word' id='word_1_56' title='bbox 600 1430 726 1513; x_wconf 86' lang='lat' dir='ltr'>rebus,</span> <span class='ocrx_word' id='word_1_57' title='bbox 749 1426 821 1499; x_wconf 87' lang='lat' dir='ltr'>fine</span> <span class='ocrx_word' id='word_1_58' title='bbox 839 1428 1072 1504; x_wconf 79' lang='lat' dir='ltr'>controversia</span> <span class='ocrx_word' id='word_1_59' title='bbox 1092 1430 1210 1503; x_wconf 85' lang='lat' dir='ltr'>eadem</span> <span class='ocrx_word' id='word_1_60' title='bbox 1234 1454 1307 1502; x_wconf 92' lang='lat' dir='ltr'>non</span> <span class='ocrx_word' id='word_1_61' title='bbox 1331 1433 1401 1501; x_wconf 80' lang='lat' dir='ltr'>cri·</span> 
     </span>
     <span class='ocr_line' id='line_1_10' title="bbox 406 1540 691 1636; baseline 0 -21"><span class='ocrx_word' id='word_1_62' title='bbox 406 1594 429 1633; x_wconf 83' lang='lat'>„</span> <span class='ocrx_word' id='word_1_63' title='bbox 455 1547 525 1615; x_wconf 88' lang='lat' dir='ltr'>tico</span> <span class='ocrx_word' id='word_1_64' title='bbox 549 1540 650 1615; x_wconf 89' lang='lat' dir='ltr'>foret.</span> <span class='ocrx_word' id='word_1_65' title='bbox 669 1601 691 1636; x_wconf 85' lang='lat'>„</span> 
     </span>
    </p>
   </div>
   <div class='ocr_carea' id='block_1_5' title="bbox 405 1752 1402 1960">
    <p class='ocr_par' dir='ltr' id='par_1_5' title="bbox 405 1752 1402 1960">
     <span class='ocr_line' id='line_1_11' title="bbox 456 1752 1400 1849; baseline 0.001 -22"><span class='ocrx_word' id='word_1_66' title='bbox 456 1753 564 1827; x_wconf 92' lang='lat' dir='ltr'>Porro</span> <span class='ocrx_word' id='word_1_67' title='bbox 579 1760 618 1827; x_wconf 90' lang='lat' dir='ltr'>in</span> <span class='ocrx_word' id='word_1_68' title='bbox 639 1757 785 1846; x_wconf 86' lang='lat' dir='ltr'>litteris,</span> <span class='ocrx_word' id='word_1_69' title='bbox 807 1756 936 1849; x_wconf 86' lang='lat' dir='ltr'>quibus</span> <span class='ocrx_word' id='word_1_70' title='bbox 961 1752 1166 1848; x_wconf 83' lang='lat' dir='ltr'>opusculum</span> <span class='ocrx_word' id='word_1_71' title='bbox 1186 1755 1340 1845; x_wconf 87' lang='lat' dir='ltr'>Johanni</span> <span class='ocrx_word' id='word_1_72' title='bbox 1356 1758 1400 1829; x_wconf 92' lang='lat' dir='ltr'>de</span> 
     </span>
     <span class='ocr_line' id='line_1_12' title="bbox 405 1868 1402 1960; baseline 0.001 -20"><span class='ocrx_word' id='word_1_73' title='bbox 405 1869 510 1955; x_wconf 80' lang='lat' dir='ltr'>Witt</span> <span class='ocrx_word' id='word_1_74' title='bbox 530 1870 683 1953; x_wconf 78' lang='lat' dir='ltr'>dedicat,</span> <span class='ocrx_word' id='word_1_75' title='bbox 714 1869 798 1945; x_wconf 85' lang='lat' dir='ltr'>haec</span> <span class='ocrx_word' id='word_1_76' title='bbox 824 1870 929 1944; x_wconf 87' lang='lat' dir='ltr'>habet</span> <span class='ocrx_word' id='word_1_77' title='bbox 947 1868 1138 1946; x_wconf 80' lang='lat' dir='ltr'>Heffelius:</span> <span class='ocrx_word' id='word_1_78' title='bbox 1166 1874 1249 1960; x_wconf 82' lang='lat' dir='ltr'>„Ut</span> <span class='ocrx_word' id='word_1_79' title='bbox 1265 1897 1309 1943; x_wconf 90' lang='lat' dir='ltr'>ne</span> <span class='ocrx_word' id='word_1_80' title='bbox 1325 1872 1402 1942; x_wconf 84' lang='lat' dir='ltr'>lon-</span> 
     </span>
    </p>
   </div>
   <div class='ocr_carea' id='block_1_6' title="bbox 286 1984 1401 2085">
    <p class='ocr_par' dir='ltr' id='par_1_6' title="bbox 286 1984 1401 2085">
     <span class='ocr_line' id='line_1_13' title="bbox 286 1984 1401 2085; baseline 0 -29"><span class='ocrx_word' id='word_1_81' title='bbox 286 2022 291 2030; x_wconf 78' lang='lat'><em>·</em></span> <span class='ocrx_word' id='word_1_82' title='bbox 406 2034 429 2069; x_wconf 88' lang='lat'>‚,</span> <span class='ocrx_word' id='word_1_83' title='bbox 450 1986 534 2085; x_wconf 32' lang='lat' dir='ltr'>‚gius</span> <span class='ocrx_word' id='word_1_84' title='bbox 557 1985 693 2069; x_wconf 89' lang='lat' dir='ltr'>abeam,</span> <span class='ocrx_word' id='word_1_85' title='bbox 715 2011 810 2058; x_wconf 89' lang='lat' dir='ltr'>nunc</span> <span class='ocrx_word' id='word_1_86' title='bbox 836 1984 965 2057; x_wconf 88' lang='lat' dir='ltr'>horrori</span> <span class='ocrx_word' id='word_1_87' title='bbox 983 1988 1015 2058; x_wconf 69' lang='grc' dir='ltr'>ἃ</span> <span class='ocrx_word' id='word_1_88' title='bbox 1036 1989 1170 2060; x_wconf 84' lang='lat' dir='ltr'>meritis</span> <span class='ocrx_word' id='word_1_89' title='bbox 1190 1986 1311 2058; x_wconf 90' lang='lat' dir='ltr'>dedico</span> <span class='ocrx_word' id='word_1_90' title='bbox 1335 1987 1401 2057; x_wconf 89' lang='lat' dir='ltr'>Vi·</span> 
     </span>
    </p>
   </div>
   <div class='ocr_carea' id='block_1_7' title="bbox 314 2100 1471 3329">
    <p class='ocr_par' dir='ltr' id='par_1_7' title="bbox 314 2100 1471 3329">
     <span class='ocr_line' id='line_1_14' title="bbox 405 2100 1402 2194; baseline 0.003 -23"><span class='ocrx_word' id='word_1_91' title='bbox 405 2153 428 2187; x_wconf 82' lang='lat'>‚,</span> <span class='ocrx_word' id='word_1_92' title='bbox 455 2100 553 2173; x_wconf 91' lang='lat' dir='ltr'>bium</span> <span class='ocrx_word' id='word_1_93' title='bbox 573 2100 787 2194; x_wconf 88' lang='lat' dir='ltr'>Sequestrem</span> <span class='ocrx_word' id='word_1_94' title='bbox 806 2104 896 2175; x_wconf 85' lang='lat' dir='ltr'>tuis:</span> <span class='ocrx_word' id='word_1_95' title='bbox 925 2104 1101 2175; x_wconf 72' lang='lat' dir='ltr'>audorem</span> <span class='ocrx_word' id='word_1_96' title='bbox 1118 2100 1311 2193; x_wconf 80' lang='lat' dir='ltr'><strong>quendam,</strong></span> <span class='ocrx_word' id='word_1_97' title='bbox 1327 2126 1402 2174; x_wconf 91' lang='lat' dir='ltr'>non</span> 
     </span>
     <span class='ocr_line' id='line_1_15' title="bbox 404 2215 1402 2311; baseline -0.004 -26"><span class='ocrx_word' id='word_1_98' title='bbox 404 2216 554 2301; x_wconf 87' lang='lat' dir='ltr'>„illum</span> <span class='ocrx_word' id='word_1_99' title='bbox 588 2216 741 2307; x_wconf 72' lang='lat' dir='ltr'>quidem,</span> <span class='ocrx_word' id='word_1_100' title='bbox 759 2218 974 2311; x_wconf 79' lang='lat' dir='ltr'>praeclarum</span> <span class='ocrx_word' id='word_1_101' title='bbox 1001 2215 1288 2294; x_wconf 70' lang='lat' dir='ltr'>&amp;luculentum</span> <span class='ocrx_word' id='word_1_102' title='bbox 1325 2215 1402 2285; x_wconf 81' lang='lat' dir='ltr'>ido.</span> 
     </span>
     <span class='ocr_line' id='line_1_16' title="bbox 407 2326 1402 2421; baseline 0.007 -23"><span class='ocrx_word' id='word_1_103' title='bbox 407 2382 429 2417; x_wconf 87' lang='lat'>„</span> <span class='ocrx_word' id='word_1_104' title='bbox 456 2352 564 2401; x_wconf 91' lang='lat' dir='ltr'>neum</span> <span class='ocrx_word' id='word_1_105' title='bbox 582 2326 689 2401; x_wconf 79' lang='lat' dir='ltr'>cauffo</span> <span class='ocrx_word' id='word_1_106' title='bbox 709 2332 929 2421; x_wconf 80' lang='lat' dir='ltr'>antiquitatis</span> <span class='ocrx_word' id='word_1_107' title='bbox 947 2345 1052 2421; x_wconf 86' lang='lat' dir='ltr'>atque</span> <span class='ocrx_word' id='word_1_108' title='bbox 1075 2330 1199 2402; x_wconf 82' lang='lat' dir='ltr'>utilem</span> <span class='ocrx_word' id='word_1_109' title='bbox 1209 2333 1402 2413; x_wconf 61' lang='lat' dir='ltr'>tamem&amp;</span> 
     </span>
     <span class='ocr_line' id='line_1_17' title="bbox 408 2439 1404 2542; baseline 0.003 -29"><span class='ocrx_word' id='word_1_110' title='bbox 408 2500 429 2535; x_wconf 83' lang='lat'>„</span> <span class='ocrx_word' id='word_1_111' title='bbox 457 2445 581 2532; x_wconf 86' lang='lat' dir='ltr'>quiin</span> <span class='ocrx_word' id='word_1_112' title='bbox 608 2446 740 2534; x_wconf 73' lang='lat' dir='ltr'>poetica</span> <span class='ocrx_word' id='word_1_113' title='bbox 759 2442 968 2542; x_wconf 71' lang='lat' dir='ltr'>geographia</span> <span class='ocrx_word' id='word_1_114' title='bbox 990 2439 1092 2535; x_wconf 87' lang='lat' dir='ltr'>poffit</span> <span class='ocrx_word' id='word_1_115' title='bbox 1110 2445 1293 2535; x_wconf 79' lang='lat' dir='ltr'><strong>praecipue</strong></span> <span class='ocrx_word' id='word_1_116' title='bbox 1319 2468 1404 2516; x_wconf 85' lang='lat' dir='ltr'>con·</span> 
     </span>
     <span class='ocr_line' id='line_1_18' title="bbox 407 2543 1446 2650; baseline 0 -23"><span class='ocrx_word' id='word_1_117' title='bbox 407 2608 429 2644; x_wconf 82' lang='lat'>,‚</span> <span class='ocrx_word' id='word_1_118' title='bbox 458 2553 580 2629; x_wconf 81' lang='lat' dir='ltr'>fistere.</span> <span class='ocrx_word' id='word_1_119' title='bbox 598 2614 620 2650; x_wconf 85' lang='lat'><strong>„</strong></span> <span class='ocrx_word' id='word_1_120' title='bbox 645 2559 759 2649; x_wconf 82' lang='lat' dir='ltr'>Atque</span> <span class='ocrx_word' id='word_1_121' title='bbox 780 2560 828 2628; x_wconf 89' lang='lat' dir='ltr'>ita</span> <span class='ocrx_word' id='word_1_122' title='bbox 851 2581 924 2627; x_wconf 90' lang='lat' dir='ltr'>rem</span> <span class='ocrx_word' id='word_1_123' title='bbox 942 2553 1026 2645; x_wconf 80' lang='lat' dir='ltr'>effe,</span> <span class='ocrx_word' id='word_1_124' title='bbox 1044 2559 1164 2649; x_wconf 92' lang='lat' dir='ltr'>prouti</span> <span class='ocrx_word' id='word_1_125' title='bbox 1187 2543 1301 2627; x_wconf 74' lang='lat' dir='ltr'>oenset</span> <span class='ocrx_word' id='word_1_126' title='bbox 1324 2558 1402 2639; x_wconf 87' lang='lat' dir='ltr'>ille,</span> <span class='ocrx_word' id='word_1_127' title='bbox 1442 2604 1446 2610; x_wconf 24' lang='grc' dir='ltr'><strong><em>μ</em></strong></span> 
     </span>
     <span class='ocr_line' id='line_1_19' title="bbox 407 2660 1471 2765; baseline 0.002 -24"><span class='ocrx_word' id='word_1_128' title='bbox 407 2670 507 2763; x_wconf 87' lang='lat' dir='ltr'>cujus</span> <span class='ocrx_word' id='word_1_129' title='bbox 535 2667 612 2743; x_wconf 89' lang='lat' dir='ltr'>heic</span> <span class='ocrx_word' id='word_1_130' title='bbox 628 2660 938 2765; x_wconf 68' lang='lat' dir='ltr'>vestigiasprenm,</span> <span class='ocrx_word' id='word_1_131' title='bbox 967 2696 1018 2741; x_wconf 58' lang='lat' dir='ltr'>ex&gt;</span> <span class='ocrx_word' id='word_1_132' title='bbox 1042 2672 1086 2742; x_wconf 88' lang='lat' dir='ltr'>iis</span> <span class='ocrx_word' id='word_1_133' title='bbox 1111 2694 1198 2764; x_wconf 87' lang='lat' dir='ltr'>quae</span> <span class='ocrx_word' id='word_1_134' title='bbox 1222 2686 1299 2752; x_wconf 85' lang='lat' dir='ltr'>tum</span> <span class='ocrx_word' id='word_1_135' title='bbox 1330 2666 1409 2761; x_wconf 84' lang='lat' dir='ltr'>ipse</span> <span class='ocrx_word' id='word_1_136' title='bbox 1466 2739 1471 2743; x_wconf 84' lang='lat'>.</span> 
     </span>
     <span class='ocr_line' id='line_1_20' title="bbox 406 2784 1404 2877; baseline 0.001 -23"><span class='ocrx_word' id='word_1_137' title='bbox 406 2800 483 2855; x_wconf 89' lang='lat' dir='ltr'>turn</span> <span class='ocrx_word' id='word_1_138' title='bbox 512 2787 644 2877; x_wconf 75' lang='lat' dir='ltr'>reliqui</span> <span class='ocrx_word' id='word_1_139' title='bbox 672 2788 878 2877; x_wconf 84' lang='lat' dir='ltr'>interpretes</span> <span class='ocrx_word' id='word_1_140' title='bbox 918 2802 1037 2857; x_wconf 89' lang='lat' dir='ltr'>notata</span> <span class='ocrx_word' id='word_1_141' title='bbox 1067 2784 1239 2856; x_wconf 88' lang='lat' dir='ltr'>dederunt</span> <span class='ocrx_word' id='word_1_142' title='bbox 1272 2784 1314 2857; x_wconf 86' lang='lat' dir='ltr'>ad</span> <span class='ocrx_word' id='word_1_143' title='bbox 1340 2784 1404 2855; x_wconf 86' lang='lat' dir='ltr'>Vi·</span> 
     </span>
     <span class='ocr_line' id='line_1_21' title="bbox 405 2894 1427 2990; baseline 0.003 -24"><span class='ocrx_word' id='word_1_144' title='bbox 405 2898 524 2979; x_wconf 89' lang='lat' dir='ltr'>bium,</span> <span class='ocrx_word' id='word_1_145' title='bbox 552 2916 627 2970; x_wconf 91' lang='lat' dir='ltr'>tum</span> <span class='ocrx_word' id='word_1_146' title='bbox 655 2898 794 2971; x_wconf 90' lang='lat' dir='ltr'>tandem</span> <span class='ocrx_word' id='word_1_147' title='bbox 821 2924 863 2969; x_wconf 84' lang='lat' dir='ltr'>ex</span> <span class='ocrx_word' id='word_1_148' title='bbox 876 2896 967 2983; x_wconf 82' lang='lat' dir='ltr'>his,</span> <span class='ocrx_word' id='word_1_149' title='bbox 997 2922 1085 2990; x_wconf 86' lang='lat' dir='ltr'>quae</span> <span class='ocrx_word' id='word_1_150' title='bbox 1109 2894 1427 2989; x_wconf 54' lang='lat' dir='ltr'>ipfiadlevimus„</span> 
     </span>
     <span class='ocr_line' id='line_1_22' title="bbox 405 2992 1402 3105; baseline 0.001 -25"><span class='ocrx_word' id='word_1_151' title='bbox 405 3011 537 3102; x_wconf 85' lang='lat' dir='ltr'>patebit</span> <span class='ocrx_word' id='word_1_152' title='bbox 554 2992 627 3083; x_wconf 81' lang='lat' dir='ltr'>tibi</span> <span class='ocrx_word' id='word_1_153' title='bbox 645 3002 941 3105; x_wconf 78' lang='lat' dir='ltr'>frequentiffime,</span> <span class='ocrx_word' id='word_1_154' title='bbox 959 3015 1066 3083; x_wconf 66' lang='lat' dir='ltr'>ledor</span> <span class='ocrx_word' id='word_1_155' title='bbox 1084 3014 1221 3101; x_wconf 70' lang='lat' dir='ltr'>amice.=</span> <span class='ocrx_word' id='word_1_156' title='bbox 1254 3012 1402 3093; x_wconf 90' lang='lat' dir='ltr'>Verum,</span> 
     </span>
     <span class='ocr_line' id='line_1_23' title="bbox 314 3110 1469 3220; baseline 0.004 -25"><span class='ocrx_word' id='word_1_157' title='bbox 314 3110 320 3117; x_wconf 60' lang='grc'><strong>’</strong></span> <span class='ocrx_word' id='word_1_158' title='bbox 406 3127 446 3195; x_wconf 89' lang='lat' dir='ltr'>in</span> <span class='ocrx_word' id='word_1_159' title='bbox 466 3148 538 3197; x_wconf 91' lang='lat' dir='ltr'>rem</span> <span class='ocrx_word' id='word_1_160' title='bbox 562 3122 773 3217; x_wconf 83' lang='lat' dir='ltr'>praesentem</span> <span class='ocrx_word' id='word_1_161' title='bbox 796 3121 868 3218; x_wconf 85' lang='lat' dir='ltr'>quo</span> <span class='ocrx_word' id='word_1_162' title='bbox 897 3129 1013 3199; x_wconf 88' lang='lat' dir='ltr'>minus</span> <span class='ocrx_word' id='word_1_163' title='bbox 1038 3143 1071 3197; x_wconf 91' lang='lat' dir='ltr'>te</span> <span class='ocrx_word' id='word_1_164' title='bbox 1096 3124 1283 3209; x_wconf 88' lang='lat' dir='ltr'>deducam,</span> <span class='ocrx_word' id='word_1_165' title='bbox 1317 3124 1405 3220; x_wconf 88' lang='lat' dir='ltr'>quid</span> <span class='ocrx_word' id='word_1_166' title='bbox 1466 3158 1469 3163; x_wconf 95' lang='lat'>·</span> 
     </span>
     <span class='ocr_line' id='line_1_24' title="bbox 406 3238 586 3329; baseline 0.033 -20"><span class='ocrx_word' id='word_1_167' title='bbox 406 3238 586 3329; x_wconf 82' lang='lat' dir='ltr'>impedit?</span> 
     </span>
    </p>
   </div>
   <div class='ocr_carea' id='block_1_8' title="bbox 405 3423 1411 4116">
    <p class='ocr_par' dir='ltr' id='par_1_8' title="bbox 405 3423 1411 4116">
     <span class='ocr_line' id='line_1_25' title="bbox 424 3423 1411 3546; baseline 0.002 -23"><span class='ocrx_word' id='word_1_168' title='bbox 424 3450 578 3540; x_wconf 51' lang='lat' dir='ltr'>⁸⁴Itaque</span> <span class='ocrx_word' id='word_1_169' title='bbox 610 3468 640 3523; x_wconf 84' lang='lat'>1,</span> <span class='ocrx_word' id='word_1_170' title='bbox 675 3468 880 3543; x_wconf 81' lang='lat' dir='ltr'>properante</span> <span class='ocrx_word' id='word_1_171' title='bbox 904 3454 1063 3546; x_wconf 19' lang='lat' dir='ltr'>nimium·</span> <span class='ocrx_word' id='word_1_172' title='bbox 1081 3454 1210 3525; x_wconf 86' lang='lat' dir='ltr'>calamo</span> <span class='ocrx_word' id='word_1_173' title='bbox 1238 3454 1269 3526; x_wconf 88' lang='grc' dir='ltr'>8ι</span> <span class='ocrx_word' id='word_1_174' title='bbox 1295 3423 1411 3525; x_wconf 54' lang='lat' dir='ltr'>ocutis*</span> 
     </span>
     <span class='ocr_line' id='line_1_26' title="bbox 407 3556 1408 3659; baseline 0.004 -28"><span class='ocrx_word' id='word_1_175' title='bbox 407 3556 623 3653; x_wconf 86' lang='lat' dir='ltr'>fugientibus</span> <span class='ocrx_word' id='word_1_176' title='bbox 644 3558 709 3635; x_wconf 85' lang='lat' dir='ltr'>sua</span> <span class='ocrx_word' id='word_1_177' title='bbox 742 3588 784 3635; x_wconf 89' lang='lat' dir='ltr'>ex</span> <span class='ocrx_word' id='word_1_178' title='bbox 815 3570 926 3657; x_wconf 79' lang='lat' dir='ltr'>poetis</span> <span class='ocrx_word' id='word_1_179' title='bbox 951 3564 1164 3659; x_wconf 82' lang='lat' dir='ltr'>decerpiiffe‚</span> <span class='ocrx_word' id='word_1_180' title='bbox 1202 3568 1277 3640; x_wconf 82' lang='lat' dir='ltr'>ioca</span> <span class='ocrx_word' id='word_1_181' title='bbox 1296 3578 1408 3637; x_wconf 84' lang='lat' dir='ltr'>&#39;com-</span> 
     </span>
     <span class='ocr_line' id='line_1_27' title="bbox 406 3675 1406 3775; baseline 0.008 -29"><span class='ocrx_word' id='word_1_182' title='bbox 406 3676 505 3767; x_wconf 88' lang='lat' dir='ltr'>plura</span> <span class='ocrx_word' id='word_1_183' title='bbox 536 3692 570 3747; x_wconf 96' lang='lat' dir='ltr'>te</span> <span class='ocrx_word' id='word_1_184' title='bbox 588 3675 786 3761; x_wconf 88' lang='lat' dir='ltr'>docebunt,</span> <span class='ocrx_word' id='word_1_185' title='bbox 805 3704 848 3751; x_wconf 86' lang='lat' dir='ltr'>ex</span> <span class='ocrx_word' id='word_1_186' title='bbox 865 3679 1019 3775; x_wconf 81' lang='lat' dir='ltr'>Ouidio,</span> <span class='ocrx_word' id='word_1_187' title='bbox 1050 3683 1179 3764; x_wconf 86' lang='lat' dir='ltr'>Statio,</span> <span class='ocrx_word' id='word_1_188' title='bbox 1194 3714 1200 3723; x_wconf 88' lang='lat'>·</span> <span class='ocrx_word' id='word_1_189' title='bbox 1215 3682 1314 3763; x_wconf 84' lang='lat' dir='ltr'>aliis,</span> <span class='ocrx_word' id='word_1_190' title='bbox 1346 3676 1406 3754; x_wconf 83' lang='lat' dir='ltr'>sed</span> 
     </span>
     <span class='ocr_line' id='line_1_28' title="bbox 407 3786 1407 3895; baseline 0 -34"><span class='ocrx_word' id='word_1_191' title='bbox 407 3786 618 3882; x_wconf 84' lang='lat' dir='ltr'>potiffimum</span> <span class='ocrx_word' id='word_1_192' title='bbox 638 3815 681 3867; x_wconf 85' lang='lat' dir='ltr'>ex</span> <span class='ocrx_word' id='word_1_193' title='bbox 701 3794 844 3874; x_wconf 88' lang='lat' dir='ltr'>Lucano</span> <span class='ocrx_word' id='word_1_194' title='bbox 869 3798 902 3868; x_wconf 79' lang='lat' dir='ltr'>dc</span> <span class='ocrx_word' id='word_1_195' title='bbox 932 3795 1109 3893; x_wconf 81' lang='lat' dir='ltr'>Virgilio,</span> <span class='ocrx_word' id='word_1_196' title='bbox 1160 3817 1339 3895; x_wconf 84' lang='lat' dir='ltr'>perperam</span> <span class='ocrx_word' id='word_1_197' title='bbox 1364 3793 1407 3874; x_wconf 82' lang='lat' dir='ltr'>ab</span> 
     </span>
     <span class='ocr_line' id='line_1_29' title="bbox 405 3901 1410 4003; baseline 0.001 -29"><span class='ocrx_word' id='word_1_198' title='bbox 405 3901 479 3995; x_wconf 86' lang='lat' dir='ltr'>ipso</span> <span class='ocrx_word' id='word_1_199' title='bbox 500 3906 703 4003; x_wconf 67' lang='lat' dir='ltr'>intelledis,</span> <span class='ocrx_word' id='word_1_200' title='bbox 722 3910 843 3999; x_wconf 84' lang='lat' dir='ltr'>petita.¹</span> <span class='ocrx_word' id='word_1_201' title='bbox 876 3907 961 3991; x_wconf 86' lang='lat' dir='ltr'>Ista,</span> <span class='ocrx_word' id='word_1_202' title='bbox 985 3906 1011 3980; x_wconf 87' lang='lat' dir='ltr'>fi</span> <span class='ocrx_word' id='word_1_203' title='bbox 1034 3906 1125 3981; x_wconf 84' lang='lat' dir='ltr'>noffe</span> <span class='ocrx_word' id='word_1_204' title='bbox 1142 3906 1328 3988; x_wconf 77' lang='lat' dir='ltr'>desideres,</span> <span class='ocrx_word' id='word_1_205' title='bbox 1348 3931 1410 3976; x_wconf 81' lang='lat' dir='ltr'>au-</span> 
     </span>
     <span class='ocr_line' id='line_1_30' title="bbox 411 4016 1410 4116; baseline -0.001 -28"><span class='ocrx_word' id='word_1_206' title='bbox 411 4019 545 4095; x_wconf 70' lang='lat' dir='ltr'>diorum</span> <span class='ocrx_word' id='word_1_207' title='bbox 563 4016 775 4093; x_wconf 83' lang='lat' dir='ltr'>cinfficorum</span> <span class='ocrx_word' id='word_1_208' title='bbox 804 4022 981 4097; x_wconf 82' lang='lat' dir='ltr'>indiculus</span> <span class='ocrx_word' id='word_1_209' title='bbox 1006 4018 1249 4116; x_wconf 87' lang='lat' dir='ltr'>suppeditabit.</span> <span class='ocrx_word' id='word_1_210' title='bbox 1278 4016 1410 4093; x_wconf 83' lang='lat' dir='ltr'>Itasal-</span> 
     </span>
    </p>
   </div>
   <div class='ocr_carea' id='block_1_9' title="bbox 0 0 1618 5017">
    <p class='ocr_par' dir='ltr' id='par_1_9' title="bbox 0 0 1618 5017">
     <span class='ocr_line' id='line_1_31' title="bbox 0 0 1618 5017; baseline 0 0"><span class='ocrx_word' id='word_1_211' title='bbox 0 0 1618 5017; x_wconf 95' lang='lat' dir='ltr'> </span> 
     </span>
    </p>
   </div>
  </div>
 </body>
</html>
