3225 5017
426 452 503 533 166
634 464 821 534 nosne,
873 461 1186 525 ventorum

427 684 433 693 .
464 624 633 704 Legendum
663 624 821 683 Amaranto.
857 618 901 684 lta
936 618 1104 698 Apollonios
1124 621 1230 699 Argon
1266 620 1301 686 L.
1327 618 1365 683 Π.
1385 619 1420 684 dt
1470 668 1476 687 .

334 740 337 749 “
420 723 516 789 Schol.
539 724 609 799 ejus.
635 718 738 782 Ctesias
762 720 799 781 L.
812 718 849 780 ll.
876 720 1041 781 Amarantes
1071 734 1185 781 montes
1212 720 1242 779 in
1275 719 1420 783 Colchide

419 822 504 888 locat.
529 819 688 897 Stephanus
712 817 819 895 Phafim
832 816 1022 877 Amaranriun
1042 818 1100 880 dici
1121 816 1235 891 scribit,
1266 818 1347 895 quod
1380 836 1420 881 erc

417 921 453 983 iis
465 918 608 981 montibus
631 916 748 981 defluat.
773 916 937 979 Armenium
950 931 1079 979 montem
1097 914 1146 977 alii
1160 917 1283 985 dicunt,
1300 930 1334 978 ut
1348 916 1422 977 Dio·

419 1018 560 1096 nyfius&
588 1012 755 1078 Eustathius.
794 1013 886 1075 Potest
918 1012 1013 1075 forsan
1042 1014 1113 1077 haec
1145 1015 1281 1093 posterior
1316 1015 1421 1092 opinio

389 1093 396 1107 ⁶
420 1113 574 1181 commode
596 1110 740 1175 conciliari
764 1130 831 1173 cum
846 1112 1045 1188 praecedente.
1081 1113 1179 1191 Quid.
1203 1113 1338 1175 heatena
1356 1127 1421 1176 tota

418 1213 575 1275 montium·
595 1210 821 1275 Amarantiorum
855 1211 972 1271 nomine
997 1212 1127 1287 venerit,
1169 1213 1249 1287 cujus
1272 1231 1337 1289 pars
1358 1231 1394 1274 ea
1406 1254 1421 1283 ,

419 1331 491 1389 quae
505 1310 605 1373 Phahn
621 1308 759 1383 effundit,
789 1309 865 1370 dida
878 1310 1057 1373 Armenion?
1079 1308 1107 1370 ls
1123 1310 1278 1371 Armenion
1305 1310 1343 1370 ad
1367 1312 1422 1371 rir-

421 1410 547 1477 menium
576 1406 662 1487 usque
680 1406 835 1483 produtius
866 1405 1025 1469 censendos
1055 1407 1112 1479 est,
1151 1426 1188 1468 ex
1214 1427 1269 1485 qua
1294 1408 1420 1486 proinde

420 1505 521 1573 Phasin
538 1520 632 1567 ortum
656 1502 786 1565 nonnulli
810 1504 943 1577 tradunt.
974 1523 1045 1581 quos
1061 1505 1135 1566 inter
1158 1504 1259 1567 Strabo
1282 1505 1313 1568 L.
1336 1503 1375 1569 ΙΙ.

435 1666 438 1673 ,
542 1598 624 1678 Meffi
647 1616 787 1667 cesena.
803 1616 941 1663 escuem
964 1603 1251 1667 Sr.deunzrn1nc
1278 1620 1417 1666 conum.

581 1696 633 1775 fitr
653 1700 693 1759 les
712 1699 806 1783 e'pt'tres
819 1698 955 1775 doside,
969 1698 988 1758 a·
1002 1701 1124 1763 Rotterd.
1141 1718 1220 1778 1722.
1238 1701 1268 1767 T.
1278 1703 1359 1782 ltp.
1365 1722 1421 1777 94.

464 1813 500 1875 Io
514 1813 655 1875 Lazorum
683 1814 773 1891 patria
786 1813 875 1875 fluere
895 1812 998 1888 Fasm,
1027 1814 1113 1875 refert
1132 1814 1283 1877 Ravennas
1309 1834 1422 1894 anony-

421 1931 488 1973 mus
510 1912 540 1973 1.
562 1911 599 1973 ll.
622 1931 647 1977 c.
674 1930 720 1974 12.
743 1912 811 1988 Quo
830 1910 900 1973 facit
924 1911 1121 1991 &Procopius
1135 1912 1166 1975 L.
1181 1912 1229 1975 lli.
1250 1911 1337 1975 Goth.
1350 1933 1377 1975 c.
1390 1933 1420 1974 1.
1509 1972 1510 1977 ,

423 2010 474 2073 Ubi
492 2008 548 2073 fic:
592 2006 705 2080 lla‘nxevs
726 2007 752 2067 Pi
774 2006 821 2069 οἷῖν
844 2008 872 2063 vi
904 2012 940 2068 ist
960 2009 997 2083 pi
1027 2010 1084 2071 reris
1110 2007 1211 2089 Λᾶζους
1247 2007 1328 2069 εἶναι,
1367 2011 1425 2069 imi

423 2106 494 2181 aopi
515 2106 595 2165 odeas
619 2106 732 2178 recepit
764 2104 880 2182 itanu.
913 2095 1117 2172 Scilicet'haec
1139 2110 1179 2171 ita
1197 2109 1320 2188 sequiori
1332 2127 1420 2172 aevo.
1444 2115 1451 2135 ¹

426 2204 533 2267 Contra
549 2205 682 2285 Scythiae
699 2205 820 2268 fiuvium
838 2203 921 2273 drot.
938 2206 1101 2270 Plutarchus
1122 2221 1221 2283 vocet,
1234 2208 1313 2287 quod
1333 2207 1424 2271 latius
1508 2202 1510 2261 l

423 2304 521 2381 paullo
543 2306 650 2367 diiium
663 2332 678 2378 ,»
704 2323 740 2364 ex
765 2302 816 2367 usu
836 2301 930 2365 forsan
964 2298 1218 2383 antiquissimorum
1243 2320 1422 2383 tempotum.
1508 2300 1510 2362 j

424 2400 508 2463 Idem
520 2402 550 2462 id
564 2402 672 2464 flumen
688 2402 765 2479 prius
782 2402 926 2460 Artiraram
944 2416 1141 2481 nuncupatum
1160 2402 1215 2465 elle
1233 2406 1424 2483 pronuntiat,

427 2518 513 2575 quam
532 2498 623 2560 Phasis
638 2500 669 2559 in
689 2518 724 2560 eo
742 2499 962 2563 methnomine
981 2505 1166 2579 mactaretur,
1199 2524 1254 2582 qua
1276 2506 1307 2566 in
1324 2504 1424 2568 reliu-

424 2596 558 2659 llnthium
582 2596 806 2659 consentientem
830 2598 916 2660 habet
929 2600 966 2661 ad
982 2600 1109 2681 Dionysii
1124 2603 1227 2681 perieg.
1248 2602 1285 2663 ad
1300 2622 1330 2665 v.
1348 2609 1423 2677 689.

427 2695 482 2759 cni
498 2694 567 2759 olim
582 2697 673 2757 Rheon
694 2697 857 2771 ditionii,
880 2699 958 2775 quod
980 2699 1011 2759 in
1028 2699 1138 2763 tabulas
1165 2699 1319 2762 D’hnvillii
1339 2718 1425 2779 repe·
1507 2719 1508 2722 ’

426 2796 556 2869 rio‚non
570 2794 725 2870 succurrit;
750 2796 863 2855 interim
877 2811 1028 2874 utrumque
1044 2816 1151 2859 nomen
1167 2797 1310 2877 hodieque
1325 2798 1423 2877 viget3

428 2888 499 2967 Fass
518 2893 684 2966 enim‚fere
704 2906 736 2955 ut
754 2894 813 2967 jam
830 2895 907 2971 apud
921 2895 1071 2958 Aethicum
1080 2894 1183 2974 Faffls,
1205 2899 1234 2959 dt
1257 2896 1357 2956 Rdiani
1379 2895 1425 2957 sa·
1506 2921 1509 2974 ς

426 2989 542 3055 lutatus.
566 2991 709 3068 Europam
727 2991 763 3053 ab
782 2991 842 3053 Aha
863 2991 1008 3071 sejungere
1027 2994 1097 3055 olim
1108 2995 1255 3056 credidere
1264 2992 1421 3069 nonnulli;

426 3088 502 3152 testis
528 3089 693 3153 Herodotus
723 3090 755 3157 L.
781 3090 831 3153 IV.
858 3111 884 3153 c.
910 3113 959 3166 45.
987 3087 1116 3166 ipio-pale
1137 3090 1205 3170 doni
1227 3093 1313 3153 ricinia
1348 3114 1377 3149 τι
1409 3091 1424 3146 ὅ
1506 3094 1509 3100 ’

426 3183 706 3259 'nndnhossaadrph
731 3190 814 3264 iniit,
838 3196 862 3262 19*
887 3186 967 3252 odra
991 3189 1003 3244 ὅ
1025 3190 1147 3261 Klima.
1164 3191 1202 3254 cf.
1235 3193 1263 3253 ἃ
1284 3189 1365 3252 Plato
1388 3192 1423 3254 in

426 3284 589 3349 Phaedone.
608 3287 757 3365 Oppidum
781 3288 890 3363 Phasis,
907 3289 1002 3350 fluvio
1021 3290 1193 3367 cognomine
1206 3288 1349 3367 rigatum,
1366 3288 1424 3349 ho·

426 3383 645 3543 gieseliolglonia
662 3387 721 3448 dici
751 3386 881 3450 afferunt.
914 3386 1092 3452 D'tinvillius
1120 3387 1227 3451 ibidem
1254 3386 1312 3450 loci
1341 3386 1423 3451 locat

481 3500 501 3546 t.
574 3524 584 3549 .

819 3582 1030 3697 Pantagias

439 3798 499 3839 ·-v.
518 3772 632 3838 Servius
650 3773 687 3835 ed
706 3774 814 3854 Virgilii
834 3779 903 3840 hen.
922 3778 953 3843 L.
974 3780 1025 3843 lll.
1037 3800 1065 3844 v.
1088 3786 1157 3857 ⁶8⁹·
1175 3778 1347 3857 Pantagiae)
1362 3778 1423 3840 Hie

376 3874 377 3877 ’
425 3876 532 3958 fluvius
549 3870 678 3949 Siciliae,
699 3874 889 3957 qrtumpleorts
909 3878 1024 3956 flueret,
1058 3878 1185 3960 implebat
1214 3873 1306 3953 struite
1334 3898 1424 3959 paene

429 3994 513 4036 totam
530 3971 676 4047 Siciliam,
694 3974 763 4033 unde
787 3975 815 4035 θ’
844 3977 999 4061 Pantagias
1021 3978 1107 4036 ditius
1129 3978 1186 4057 esi,
1223 3976 1299 4055 quast
1312 3975 1419 4054 „mom

422 4070 535 4149 seinans.
575 4072 633 4135 Hie
648 4074 755 4157 postea,
771 4094 851 4155 qutun
864 4075 950 4136 Cereri
976 4074 1110 4156 quaerenti
1125 4072 1217 4152 filiam
1248 4073 1417 4153 obstreperet,
