3225 5017
427 493 515 577 ιιςο
643 487 829 578 uorat
885 485 1206 552 vnnroauru

387 635 391 638 ⁴
430 646 524 724 ilgris
546 643 673 710 scribitur
695 645 773 724 apud
790 644 961 710 Strabonem
992 633 1024 711 Ι..
1057 665 1082 711 e.
1110 669 1139 728 p.
1160 665 1227 726 529·
1290 647 1426 726 Niphatis

431 764 531 808 contra
553 745 644 806 amnis
668 743 742 820 soli,
770 745 849 824 quod
871 743 974 817 sciam,
1001 749 1102 822 poetae
1128 747 1292 809 meminere.
1336 742 1426 822 Virgi.

430 841 485 910 lius
503 844 604 922 Georg.
628 843 661 908 Ι.
680 842 732 910 ΙΙΙ.
757 863 785 905 v.
806 860 852 919 ιο.
868 843 1003 906 Horatius
1026 844 1056 907 b.
1078 844 1114 908 II.
1133 846 1189 908 ode
1204 865 1232 920 q.
1259 843 1342 908 Silius
1360 841 1423 906 Ital.

430 939 465 1010 L
486 940 570 1008 XIII.
589 936 617 1004 i.
637 948 705 1020 7⁶4
730 943 800 1007 item
813 941 944 1008 Lucanus
962 939 982 1005 l.
1009 961 1034 1007 e.
1069 943 1108 1008 O.

840 1103 1020 1195 ()nnhus
1101 1142 1105 1150 ¹

474 1301 548 1365 Eum
576 1322 635 1364 non
651 1302 782 1376 Panormi
807 1300 855 1362 sed
884 1305 922 1359 ab
945 1304 987 1374 np'o
1018 1301 1061 1362 rit
1089 1302 1180 1364 riatur
1205 1301 1307 1377 nabab
1341 1318 1430 1370 vocat

431 1400 565 1480 Polybius
584 1401 616 1465 L.
632 1400 653 1463 I.
677 1419 703 1464 c.
730 1421 780 1472 40.
795 1419 889 1479 neque
903 1401 1052 1475 nominat;
1076 1397 1157 1462 simili
1176 1402 1264 1463 modo
1283 1402 1429 1468 Diodorus

432 1498 465 1563 L.
484 1499 597 1562 XXIII.
608 1519 633 1562 e.
654 1520 701 1573 40.
727 1497 823 1562 Hodie
840 1497 1003 1588 l'amr'raglio
1036 1497 1166 1574 salutari,
1198 1503 1295 1562 audior
1311 1501 1351 1564 est
1362 1502 1434 1566 ctu.

431 1599 526 1659 verius
544 1601 598 1662 Sic.
616 1612 674 1662 ant.
696 1597 725 1658 Ι..
740 1595 779 1662 Il.
804 1616 831 1662 c.
848 1617 873 1673 3.
904 1596 1029 1659 Ortelius
1049 1615 1085 1658 ex
1101 1597 1232 1660 Leandro
1249 1596 1332 1678 firme
1347 1601 1379 1658 de
1390 1600 1431 1660 Ia

431 1694 565 1779 muraglia
589 1695 683 1775 uocari
703 1693 803 1761 allerit.
836 1695 1005 1773 Suppeditat
1027 1714 1094 1774 ergo
1125 1695 1191 1758 hele
1217 1696 1300 1759 nobis
1328 1697 1434 1762 Vibius

432 1793 512 1857 fluvii
539 1813 666 1868 nomen,
683 1794 823 1858 indidtum
844 1793 913 1856 aliis.
935 1793 1036 1872 Estque
1058 1793 1088 1856 id
1115 1812 1151 1855 eo
1178 1795 1267 1874 magis
1281 1795 1431 1872 mirabile,

434 1894 512 1970 quod
531 1911 610 1957 vetus
633 1893 709 1957 Orrti
726 1912 834 1956 nomen
854 1892 997 1972 hodieque
1026 1892 1148 1954 retinere
1173 1889 1289 1957 munem
1313 1893 1432 1957 testatur

400 2038 404 2053 ,
434 1991 494 2053 Ser.
514 1991 648 2057 Callellus
668 1991 710 2052 Pr.
730 1993 766 2052 Τ.
783 1991 825 2057 ut.
850 1991 1064 2054 Panormitanus
1088 1989 1166 2069 ipse,
1198 1991 1329 2070 adeoque
1355 1993 1434 2056 testie

433 2089 679 2155 luculentillrmus.
696 2111 723 2152 v.
743 2089 850 2168 proleg.
868 2091 929 2174 ejus
944 2091 981 2152 ad
1005 2089 1088 2152 Inler.
1106 2090 1163 2154 Sic.
1193 2109 1257 2172 pag.
1285 2089 1430 2157 XXVIII.

434 2190 485 2252 ubi
501 2191 532 2250 in
547 2190 615 2252 NN.
649 2189 912 2253 Panormitanorum
944 2189 1102 2252 monstrum
1131 2186 1273 2262 biforme,
1324 2187 1433 2256 scilicet

433 2302 547 2354 taurum
575 2288 699 2355 humana
726 2289 800 2354 faeie
826 2289 989 2372 inlrgnem,
1026 2285 1188 2368 symbolum
1215 2285 1301 2363 ipsius
1328 2287 1433 2349 Orethi

432 2386 513 2448 fluvii
528 2385 585 2447 elle
603 2386 700 2451 docet.
743 2385 779 2450 In
794 2386 927 2464 Hispania
950 2387 1072 2452 Oretum
1099 2385 1259 2468 oppidum,
1310 2385 1434 2452 Oretani

432 2483 574 2564 populus,
597 2485 732 2551 Oretania
753 2487 832 2567 regio
853 2504 930 2550 nota.
974 2485 1011 2550 O.

1066 2559 1067 2565 ἵ
1085 2569 1104 2610 0

860 2650 1001 2738 ()axes

475 2844 583 2908 Multae
601 2847 670 2910 feeit
688 2846 786 2909 Oaxes
804 2844 947 2910 turbellas.
1018 2845 1077 2923 ligo
1105 2843 1205 2922 sequor
1233 2847 1433 2910 auetoritatem

434 2945 505 3021 Ing.
530 2945 657 3021 Politiani
673 2943 789 3008 miscell
816 2964 842 3012 e.
865 2964 912 3022 37.
945 2942 971 3022 J.
995 2942 1028 3010 L.
1051 2944 1088 3006 de
1114 2943 1142 3006 la
1157 2944 1248 3008 Oerda
1269 2946 1306 3007 ad
1323 2945 1433 3026 Virgilii

420 3041 487 3104 eol.
514 3041 536 3104 l.
557 3063 584 3104 v.
609 3051 657 3104 66.
677 3043 745 3106 Chr.
762 3041 874 3104 Cellarii
895 3043 929 3106 G.
956 3045 988 3106 A.
1009 3042 1040 3106 L.
1059 3041 1097 3105 Il.
1115 3063 1140 3108 c.
1170 3063 1214 3118 ra
1236 3047 1263 3104 dt
1289 3044 1433 3120 aliorum,

433 3128 483 3220 qui
501 3139 609 3223 flumen
631 3140 687 3223 boc
704 3142 804 3204 Cretae
820 3161 879 3203 non
894 3142 1099 3218 abjudIoarunt.
1146 3143 1187 3204 De
1199 3215 1202 3220 ¹
1213 3143 1295 3206 Creta
1325 3145 1434 3220 etiam,

376 3249 379 3252 ’
432 3237 527 3301 sitibi
543 3242 731 3305 commodum
748 3241 805 3315 est,
829 3242 960 3320 expende
989 3241 1088 3304 testem
1108 3233 1256 3308 Barthium
1282 3244 1314 3304 in
1345 3231 1432 3306 anim.
1509 3279 1510 3324 p

435 3337 471 3398 ad
491 3337 678 3404 Claudianum
700 3338 768 3407 bell.
785 3339 900 3403 Gildon.
934 3361 962 3404 v.
991 3359 1037 3416 31.

478 3438 588 3512 Varro)
610 3439 714 3504 Utrum
730 3439 771 3501 M.
795 3439 924 3502 Terentii
943 3440 1074 3500 VarronIs
1101 3438 1341 3519 fragmentorum,
1360 3457 1434 3518 quae
1509 3523 1510 3528 ἵ

434 3530 585 3609 complura
619 3534 686 3599 sunt
707 3540 725 3611 ,”
750 3536 922 3602 collettione
960 3537 1017 3600 hoc
1057 3537 1248 3615 fragmentum
1289 3537 1322 3598 stt
1354 3557 1435 3600 com·

434 3629 624 3710 prehensum,
647 3652 702 3697 nec
722 3653 777 3709 ne,
801 3655 861 3698 non
877 3651 961 3698 vacat
976 3639 1036 3713 jam
1059 3637 1210 3715 inquirere.
1255 3635 1370 3697 Etenim
1399 3637 1435 3697 ad

433 3749 467 3792 ea
486 3731 625 3809 quaedam
640 3733 678 3794 de
698 3733 797 3796 Servio
813 3736 880 3798 addi
899 3735 994 3815 polle,
1023 3735 1136 3800 testatur
1158 3736 1189 3796 in
1216 3735 1307 3811 prima
1338 3733 1435 3798 fronte

434 3829 475 3897 sui
490 3832 659 3909 exemplaris
676 3833 787 3911 (Durd
812 3835 927 3912 1619.)
949 3833 1159 3898 broukhusius:
1191 3833 1221 3894 id
1237 3851 1315 3895 nuno
1337 3851 1435 3894 meum

432 3931 482 3996 est·
524 3932 581 3996 Sed
602 3931 746 4009 justillime
761 3933 860 3996 tribuit
877 3935 1030 4001 Politianus
1054 3934 1129 3994 hanc
1142 3929 1280 4008 naufragii
1305 3929 1433 3992 tabulam

433 4027 465 4092 P.
487 4029 624 4094 Terentio
653 4031 772 4095 Varroni
790 4033 936 4108 Atacin03
974 4053 1032 4113 quo
1054 4029 1136 4108 super
1169 4035 1254 4107 poeta
1284 4029 1443 4113 diligenter

433 4127 495 4204 agit
520 4129 660 4210 Gyraldua
682 4133 719 4194 de
734 4134 926 4213 poet..,hillor.
947 4133 1049 4212 dialog.
1075 4131 1122 4194 IV.
1143 4149 1205 4208 pag.
1221 4147 1290 4191 202.
1313 4123 1433 4190 Vollius-
