3225 5017
470 432 553 519 206
724 436 908 507 uotae
949 440 1275 508 romonum

462 612 586 693 peletut.
609 602 716 673 Fabula
730 602 787 667 hae
798 600 951 669 occaiiooe
969 602 1086 664 recitata
1105 621 1122 663 a
1137 600 1287 667 Plutarcho
1301 603 1443 679 intercidit3

465 712 575 791 quippe
599 705 702 769 lacuna
720 702 806 765 adest.
840 699 938 763 Hodie
958 701 1074 761 Parnon
1095 704 1191 765 vocari
1217 722 1254 765 ex
1273 689 1359 782 Nigro
1375 708 1445 767 tradit
1493 715 1494 800 t

467 806 605 873 Ortelius.
641 804 676 865 ln
699 800 797 865 tabula
813 799 967 863 n’mvittti
982 800 1065 878 prisci
1080 802 1205 961 'ominis
1224 803 1494 882 vestigiarellant,

462 899 875 973 fontemmortuum
920 898 959 963 0.
1052 985 1054 994 Ι
1094 962 1107 1012 ,x

831 1056 1104 1175 Trasymenos

505 1260 649 1333 Ortelium
679 1258 699 1323 fi
726 1256 845 1334 audiat,
879 1258 954 1321 forte
978 1258 1086 1341 Lydiae
1116 1257 1189 1323 dixit
1215 1257 1262 1325 hic
1292 1259 1387 1325 Vibius
1406 1282 1495 1364 pro
1494 1307 1495 1314 κ

463 1362 608 1441 Etruriae,
631 1358 748 1439 aLydis
770 1354 904 1437 populis,
945 1359 993 1436 qui
1017 1378 1080 1420 eam
1111 1357 1264 1439 aliquando
1292 1323 1495 1425 habierurtl

463 1463 613 1545 ingeniose
635 1460 723 1538 magis
746 1476 833 1536 quam
854 1475 930 1517 vere.
960 1455 1073 1518 Etiamsi
1092 1458 1170 1522 euim
1184 1457 1268 1520 facile
1286 1460 1447 1531 crediderin,
1494 1425 1495 1518 l

463 1564 560 1627 lacum
584 1580 651 1623 cum
675 1558 764 1621 fluvio
787 1553 947 1619 confudille
978 1554 1128 1625 nostrum,
1162 1575 1312 1633 nunquam
1340 1557 1449 1618 adducar

462 1676 559 1724 tameo
585 1672 617 1721 ut
633 1657 767 1731 credam,
795 1673 863 1716 eum
878 1652 927 1714 hie
948 1652 1055 1733 Lydiae
1073 1673 1182 1715 nomen
1200 1655 1309 1716 dedilie
1326 1656 1447 1715 Etruria.

460 1760 594 1823 Potiusa
620 1754 739 1817 librariis
764 1764 933 1829 corruptum
957 1750 1013 1811 elle
1038 1750 1137 1814 locum
1164 1753 1311 1828 arbitror,
1339 1757 1366 1816 ἃ
1395 1752 1450 1813 ieri·

462 1872 546 1937 ptum
564 1855 646 1916 initio
671 1851 751 1915 fuiile
778 1846 910 1925 Tusciae:
932 1868 1004 1927 quae
1027 1870 1085 1911 von
1111 1851 1196 1915 facile
1218 1855 1317 1932 potuit
1344 1856 1373 1915 in
1391 1852 1449 1914 alte·
1495 1915 1496 1924 ,

462 1974 524 2019 rum
540 1954 620 2017 illam
639 1950 823 2013 immutarier.
873 1949 911 2012 0.
1001 2015 1004 2020 ,

868 2109 1050 2228 Thapsus
1079 2100 1084 2107 ’

462 2316 466 2325 “
502 2310 663 2389 Rulicade,
691 2308 834 2391 oppidum
853 2310 1026 2389 Numidiae,
1046 2309 1134 2373 hodie
1149 2308 1293 2394 Sgiguda,
1307 2310 1354 2373 uel
1367 2308 1453 2373 secun·

469 2412 543 2475 dum
553 2410 623 2473 alios
638 2410 738 2483 Stura,
751 2408 867 2490 Astora,
879 2407 994 2489 Estote,
1015 2410 1128 2472 colonia
1143 2410 1277 2473 Romana
1297 2412 1372 2485 fuit,
1385 2410 1451 2481 telle,

460 2530 522 2573 non
543 2508 660 2587 quidem
680 2506 861 2581 Ptolemaeo,
890 2509 968 2584 quod
986 2508 1154 2588 Onuphtiut
1170 2510 1288 2584 tetulit,
1305 2509 1354 2571 sed
1371 2505 1453 2571 tabula

459 2604 679 2681 Theodofiana,
706 2606 737 2666 in
756 2604 910 2685 quaciaria
926 2606 1018 2669 verbis
1041 2608 1150 2687 legitur.
1174 2606 1309 2686 Thapsus
1327 2606 1453 2686 oppidum

460 2704 569 2783 duplex
588 2718 762 2766 memoratur
788 2704 902 2781 priscis,
939 2703 1059 2767 alterum
1084 2709 1115 2767 in
1144 2702 1262 2783 Sicilia,
1290 2704 1407 2769 alterum
1428 2704 1453 2761 in

460 2804 556 2867 africa
578 2804 692 2880 propria
714 2804 742 2863 dt
765 2803 882 2879 quidem
910 2805 1056 2879 provincia
1073 2801 1221 2881 Byzacena
1250 2806 1346 2868 fitum
1400 2802 1454 2865 Hoc

459 2901 597 2983 posterius
622 2918 700 2961 nunc
717 2896 838 2974 Densus
856 2901 944 2962 audit.
1000 2898 1129 2984 Thapsum
1155 2903 1201 2966 vel
1244 2900 1385 2988 Thapsum
1413 2914 1454 2962 aut

459 2984 580 3079 Tapsam
611 2997 730 3060 fluvium
752 3016 839 3057 nemo
869 3014 998 3061 veterum
1026 3005 1180 3063 memoriae
1208 3007 1349 3081 prodidit,
1398 3001 1453 3062 Cui·

462 3115 576 3177 cunque
595 3094 749 3159 liberum
740 3096 826 3175 agitur
849 3098 907 3157 esto
923 3100 960 3159 de
976 3100 1032 3161 hoc
1059 3101 1212 3179 Sequestrie
1245 3102 1370 3165 articulo
1391 3097 1455 3175 judi·

460 3198 538 3267 cium
550 3216 560 3272 3
583 3196 614 3257 in
635 3215 692 3276 quo
720 3215 768 3259 me
789 3194 905 3275 prorsus
926 3200 1069 3261 caecutire
1090 3200 1237 3277 profiteor.
1285 3202 1324 3263 Ο.

858 3360 1052 3477 Triopala

497 3516 625 3589 Difficile
643 3522 771 3599 protetio
793 3522 880 3587 fuerit
901 3525 968 3588 huic
989 3526 1197 3604 corruptiffimo
1228 3526 1299 3590 loco
1323 3523 1457 3589 medelam

456 3621 594 3693 adferre,
618 3619 728 3696 scriptia
745 3625 872 3683 maxime
889 3626 1039 3688 codicibus
1052 3626 1124 3687 nihil
1148 3626 1261 3703 uspiam
1285 3626 1360 3689 lucit
1375 3624 1458 3687 aliun·

458 3722 603 3787 dentibus.
633 3720 772 3796 Equidem
790 3722 849 3782 duo
870 3725 1004 3786 articulos
1028 3725 1120 3786 heic
1111 3745 1142 3785 rn
1173 3745 1268 3787 unum
1298 3721 1458 3787 coniluuille

450 3822 646 3894 crediderim,
671 3819 716 3879 vel
738 3821 833 3896 potius
852 3822 972 3885 articulo
994 3843 1011 3884 a
1034 3823 1318 3901 sequestreposrto,
1342 3823 1393 3902 qui
1415 3821 1458 3881 bic

459 3923 532 3983 mihi
549 3921 663 3983 videtur
684 3917 782 3992 fuille,
810 3919 964 3995 Triocala,
981 3923 1071 4003 qui&
1091 3918 1226 3997 Illurur,
1250 3924 1351 4001 postea
1368 3920 1460 3983 obsco

456 4040 521 4094 ram
542 4020 661 4095 alicujus
683 4016 760 4079 scioli
775 4016 956 4096 diligentiam
971 4021 1105 4083 adleville
1115 4019 1203 4100 juxta
1227 4020 1346 4081 Alabon
1372 4021 1460 4101 Mega

451 4120 578 4197 ,rufium
619 4116 771 4202 Posteriora
792 4118 865 4181 baec
881 4120 968 4182 verba
989 4119 1050 4183 huc
1077 4120 1160 4183 nullo
1183 4120 1279 4181 mmo
1306 4120 1458 4196 quadrante
