3225 5017
511 504 581 569 AD
652 504 860 569 FONTES
1087 523 1159 583 221

170 684 193 753 ,·,
213 665 285 735 tium
303 659 346 735 nii
366 658 415 731 nili
431 665 587 746 priscorum
604 664 782 728 sacerdotum
798 665 990 745 figmentum,
1015 674 1170 750 poetarum

169 810 191 848 ‚,
213 769 367 849 postmodo
400 765 573 829 carminibus
600 762 843 829 concelebratum
872 803 893 840 „
956 767 1061 847 Porro,
1093 794 1167 851 quae

167 868 329 947 Brydonius
349 867 386 928 de
406 865 514 943 duplici
533 864 608 925 sonti
626 864 733 938 refert,
761 862 851 925 altero
872 866 1043 945 Arethusae,
1077 871 1167 935 altero

168 968 241 1030 Alfei
264 987 302 1028 ex
324 963 409 1029 oculo
438 962 545 1027 Zilicae
572 974 754 1041 emergente,
790 963 892 1025 eadem
913 966 972 1040 jana
996 969 1106 1032 Aretias
1138 976 1167 1034 Aa

168 1064 340 1140 lilirabella,
357 1063 405 1124 ille
427 1064 457 1123 in
481 1059 686 1141 chorographia
697 1058 826 1137 Siciliae,
850 1060 898 1150 hic
920 1063 950 1123 in
969 1066 1169 1143 Syracusarum

168 1164 357 1243 topographia
388 1162 559 1236 docuerat,
605 1172 726 1237 quorum
758 1156 822 1220 loca
858 1155 973 1238 profers
1006 1152 1165 1236 Cluverius.

115 1336 116 1343 ἵ
168 1303 190 1339 „
213 1265 250 1324 At
267 1260 352 1339 prisci
376 1258 418 1321 illi
443 1253 595 1333 mortales,
612 1260 650 1319 ita
667 1257 758 1319 rursus
784 1260 888 1335 idem,
920 1280 980 1323 non
1007 1263 1063 1325 hoc
1086 1266 1169 1329 sonte

115 1422 116 1427 ,
166 1400 189 1437 ,,
212 1359 358 1437 Alpheum
378 1377 541 1437 emergere,
567 1357 615 1419 sed
632 1356 691 1435 ipso
708 1356 861 1419 Arethusae
873 1348 927 1420 ore
945 1362 1131 1427 tradiderunt.
1144 1407 1166 1441 ,‚

115 1510 116 1539 3
166 1457 297 1521 Cluverii
315 1458 493 1530 doctrinam,
516 1471 615 1519 contra
634 1456 691 1531 Jac·
714 1456 846 1519 Bnnanni
868 1456 1078 1537 sugillationes,
1107 1465 1169 1541 qui·

115 1592 117 1637 3
169 1557 221 1619 bus
243 1570 311 1619 earn
337 1558 369 1617 in
388 1556 529 1636 Syracuse
550 1552 691 1617 illustratis
717 1553 887 1630 insectatur,
927 1555 1055 1622 defendit
1076 1559 1167 1623 D'Or.

170 1656 266 1719 villius
292 1657 325 1717 in
347 1653 446 1717 Siculis
473 1655 508 1716 T.
536 1655 557 1717 l.
586 1668 649 1732 cap.
671 1674 715 1715 rr.
747 1657 796 1731 qui
823 1655 906 1717 simul
933 1659 1051 1733 adjicit,
1079 1659 1166 1721 hodie

115 1762 116 1767 ’
171 1754 329 1817 Arethusae
354 1774 455 1831 aquam
474 1772 533 1814 non
551 1753 602 1813 nist
620 1752 750 1815 lavandis
772 1752 895 1815 vestibus
912 1755 984 1816 intra
1001 1778 1114 1820 murum
1124 1760 1169 1820 in⁴

115 1880 116 1931 3
171 1851 293 1926 servire,
318 1866 398 1913 extra
420 1850 535 1913 muruni
558 1852 595 1911 ad
616 1852 761 1913 decimum
781 1851 869 1930 usque
883 1855 990 1931 passum
1007 1861 1034 1918 dt
1050 1859 1123 1922 ultra
1136 1864 1168 1922 in

115 1958 117 2033 3
169 1950 229 2027 ipso
258 1952 331 2014 mari
353 1969 419 2013 eum
434 1949 544 2011 fontem
570 1950 709 2011 continuo
736 1970 875 2028 aquarum¹
899 1971 979 2016 motu
1009 1958 1165 2037 cognosci,

115 2036 117 2113 l
172 2048 319 2126 quousque
354 2050 415 2123 ejus
444 2048 640 2125 scaturiginem
664 2048 806 2125 pertinere
838 2066 947 2113 certum
970 2055 1020 2120 est,
1070 2058 1167 2121 Mani.

172 2162 304 2208 mentum
323 2147 471 2207 etiam2&
494 2145 617 2215 molem,
640 2146 761 2222 quibus,
784 2148 924 2210 Cicerone
946 2153 1013 2213 teste
1033 2155 1064 2215 in
1079 2157 1169 2219 Verri·

116 2230 117 2251 i
173 2264 208 2305 na
223 2245 282 2317 tv,
313 2264 330 2305 a
353 2244 440 2305 fluctu
466 2243 691 2319 defendebatur,
715 2264 793 2307 nunc
817 2267 922 2325 magns
938 2269 976 2311 ex
1002 2269 1083 2329 parte
1103 2274 1169 2319 eva.

118 2342 119 2347 ’
174 2342 262 2403 nuisse
283 2344 412 2420 itemque
433 2343 540 2421 pisces,
573 2344 674 2419 qulbus
703 2343 867 2411 abundabat
887 2347 966 2413 otuu
1016 2353 1169 2417 Arethufie

176 2462 280 2503 nomen
301 2444 426 2518 denique
446 2445 473 2503 dt
494 2441 612 2503 urbibus
635 2441 803 2518 quibusdam
818 2446 852 2506 in
869 2445 1058 2523 medonis,
1077 2453 1168 2533 inSy.

118 2595 119 2613 3
175 2543 231 2616 ria,
253 2542 282 2602 in
302 2542 403 2603 Arabia
427 2560 582 2602 commone
602 2540 664 2601 fuit
709 2542 788 2618 Quin
807 2544 948 2607 &fontes
980 2553 1165 2627 cognomines

176 2656 329 2703 occurrunt
346 2638 568 2725 Syracusanum
590 2639 679 2701 insula
693 2639 807 2715 Ithaca,
824 2643 855 2703 in
871 2643 1004 2722 Euboea,
1021 2650 1166 2731 inhlagna

119 2820 121 2841 χ
177 2739 312 2809 Graecia,
334 2737 410 2801 alibi.
435 2738 616 2802 mortalius
663 2738 699 2800 Ο.
864 2762 868 2765 ·

556 2914 781 3004 Clitumnus

219 3114 372 3178 Clitumnus
392 3113 517 3176 Umbriae
537 3118 630 3195 inquit
644 3117 742 3181 Vibius
757 3118 794 3179 de
809 3114 920 3181 flumin.
958 3118 1049 3198 Siquis
1071 3135 1167 3188 autem

179 3219 302 3291 miraris,
327 3218 475 3295 quomodo
505 3214 654 3276 Clitumnus
679 3217 825 3277 Meuaniae
854 3216 933 3278 idern
954 3219 1010 3279 aiat
1031 3219 1068 3279 de
1094 3220 1168 3287 font.

180 3314 248 3377 habe
266 3314 427 3377 testimonia
449 3313 636 3393 scriptorum3
660 3317 708 3393 qui
729 3314 822 3376 verbis
840 3316 915 3393 quasi
935 3318 1092 3395 praeierint.
1124 3321 1169 3384 De

182 3413 295 3475 flumine
314 3414 441 3491 loquitur
466 3412 596 3491 Virgilius
616 3414 718 3492 Georg.
746 3413 779 3479 L.
797 3412 834 3475 ll.
854 3409 924 3477 vers.
945 3424 1011 3491 146.
1043 3418 1169 3496 (locum

182 3512 242 3573 tide
258 3532 289 3591 p.
313 3512 404 3585 ror.)
430 3510 590 3591 Propertius
612 3514 682 3575 item
698 3512 728 3575 L.
746 3512 783 3575 ll.
808 3512 881 3592 eleg.
895 3515 961 3578 XV.
986 3518 1056 3581 vers.
1076 3539 1125 3596 ας.

271 3700 274 3705 Δ
304 3636 371 3713 Qua
383 3629 503 3715 fhnnosa
524 3630 576 3711 suo
600 3636 750 3699 Clitumnus
765 3638 882 3716 flumina
904 3638 966 3699 luco

220 3768 229 3777 a
344 3734 458 3815 sategit,
484 3735 510 3795 d·
534 3735 626 3796 niuem
654 3736 742 3795 abluit
758 3739 839 3809 uada,
856 3740 947 3806 boues.

184 3852 226 3915 De
243 3854 322 3919 sonte
345 3860 372 3919 &
392 3857 511 3919 flumine
528 3860 584 3938 agit
602 3859 705 3923 Plinius
721 3861 751 3923 L.
775 3860 852 3928 Vlll.
877 3862 956 3939 epist.
981 3872 1008 3933 8.
1036 3862 1085 3924 ubi
1115 3861 1170 3929 Cli-

120 4026 121 4030 ,
184 3964 297 4015 tumnus
315 3954 507 4033 pulcherrime
531 3958 703 4036 depingitur.
734 4005 741 4045 3,
749 3960 829 4037 Quin
853 3961 938 4021 etiam
960 3959 1037 4021 lacus
1067 3961 1170 4026 dicitur

119 4035 123 4114 i

184 4050 352 4132 Philargyrio
366 4055 402 4115 ad
415 4055 524 4135 Virgilii
542 4056 617 4118 Geor
637 4103 644 4117 .
667 4058 698 4119 L.
713 4056 751 4119 ll.
780 4056 849 4119 vers.
869 4076 935 4134 ¹47·
962 4055 1111 4117 Clitumnus
1142 4061 1172 4123 ὑ

187 4151 265 4209 Deus
280 4154 305 4213 ὁ
321 4152 399 4233 lacus
414 4154 442 4214 iu
455 4152 558 4233 finibus
581 4077 794 4238 Sphttiuorum,
817 4176 851 4214 tx
872 4174 923 4235 quo
940 4154 1055 4214 bibentia
1068 4178 1170 4239 petora
