3225 5017
443 484 527 573 254
686 470 872 535 mom
932 470 1248 536 namnum

441 641 533 706 Lacus
553 640 578 702 is
606 657 647 714 40
666 636 761 699 stadiis
785 630 907 697 distabat
929 632 1119 709 aSardibm‚
1145 632 1304 698 secundum
1326 635 1436 701 strabo

401 726 409 735 “
441 760 530 813 nem,
554 739 603 818 qui
629 737 661 800 L.
684 734 769 799 XiIi.
793 754 823 813 p.
843 740 914 796 626.
941 732 1061 809 antiquo
1086 734 1198 795 nomini
1225 730 1352 803 royda„
1384 758 1437 815 quo

440 838 584 903 Homerus
603 856 670 897 eum
689 836 794 897 maemt
811 835 843 895 in
860 827 1077 894 enumeratione
1097 834 1258 897 navium'v.
1283 854 1360 914 372,
1383 836 1437 899 soc·

439 935 547 1001 oeffiffe
570 934 648 997 aliud
668 934 772 1008 refert,
796 933 965 1010 dictumque
986 932 1085 997 tantan
1113 932 1252 996 ATurcis
1274 934 1365 995 hodie
1374 936 1437 997 tuti

437 1034 543 1125 gimel,¹
559 1033 616 1095 five
632 1032 710 1096 locut
730 1032 823 1111 largos
839 1030 981 1094 salutatur.
1008 1050 1036 1095 v.
1060 1051 1171 1111 voyage
1190 1032 1206 1096 ai
1230 1033 1370 1114 Thyatire
1386 1040 1436 1103 &a
1490 1057 1491 1088 i

439 1154 490 1213 pat
506 1136 561 1195 Μ’.
581 1134 619 1194 de
639 1131 793 1217 PeyffoneI.
814 1151 843 1210 p.
867 1150 935 1208 35¹·
959 1130 1041 1192 Circa
1061 1130 1173 1193 Colocn
1190 1133 1288 1195 lacum
1312 1136 1438 1212 antiquo·

439 1252 504 1295 tum
529 1232 635 1311 Lydiae
653 1230 765 1310 Regum
787 1228 917 1309 sepulcra
939 1228 1102 1292 visebantur
1126 1230 1204 1293 oiim.
1223 1253 1252 1297 v.
1284 1233 1388 1295 Strabo
1410 1255 1436 1313 p,

441 1346 511 1410 ⁶27·
537 1332 620 1395 Haud
638 1331 678 1392 est
695 1329 823 1393 absimile
847 1348 934 1404 veto,
969 1327 1063 1391 lacum
1079 1330 1164 1391 istum
1188 1331 1322 1392 manibus
1350 1332 1437 1393 homi·
1491 1391 1492 1402 ,

440 1454 511 1497 num
533 1445 701 1494 excavatum
725 1430 943 1509 perfectumque
965 1427 1089 1507 cofinc,
1111 1442 1145 1492 ut
1169 1429 1272 1493 Hermi
1295 1431 1438 1500 exundanf

440 1550 484 1599 tes
511 1552 597 1612 aquas
624 1532 772 1611 reciperet.
806 1542 965 1593 s.ctt01x.
1492 1539 1493 1542 ’

823 1692 1066 1778 Hammonis

482 1898 605 1967 Ovidius
626 1893 793 1957 memmi..
814 1892 882 1957 XV.
903 1912 933 1955 v.
956 1902 1024 1971 308.

522 2048 536 2061 .
597 2046 611 2059 .
673 2048 686 2059 .
748 2046 763 2063 .
814 2007 1276 2093 quidtmnotynqtafigms

524 2115 639 2194 Datque
663 2110 788 2193 capitque
808 2109 923 2171 novas?
943 2109 1028 2168 medio
1044 2126 1113 2182 tua,
1138 2110 1256 2192 corniger
1266 2113 1396 2186 Ammon,
1493 2123 1494 2126 ’

525 2212 607 2273 Unda
629 2210 672 2269 die
683 2208 777 2294 gelida
792 2209 845 2290 esi:
864 2225 975 2290 ortuque
989 2209 1114 2290 obituque
1134 2204 1253 2285 calescit.

441 2339 480 2403 cf.
528 2340 555 2399 ἃ
586 2334 748 2397 Lactantius
779 2334 812 2395 in
852 2353 960 2412 argum.
993 2345 1110 2394 metam.
1150 2333 1258 2395 Ovidii.
1324 2334 1433 2395 Fonsit

440 2434 539 2517 Africa
559 2422 719 2495 Hammonis
739 2427 809 2508 fiolis
834 2449 895 2493 ortu
919 2431 1043 2513 obituque
1063 2425 1198 2507 calescit,
1226 2433 1431 2515 postmodumt't

437 2534 553 2618 glaciem
571 2532 695 2594 vertitur.
732 2546 870 2593 nasset.

459 2626 463 2633 ⁴
481 2632 588 2694 Plinius
607 2632 637 2692 L.
655 2629 692 2693 ΙΙ.
709 2651 734 2693 c.
760 2651 828 2709 ιο).
851 2630 930 2692 Iovis
944 2630 1106 2692 Hammonis
1118 2632 1242 2714 stagnum
1258 2631 1375 2692 interdiu
1386 2629 1434 2712 jai·

437 2732 550 2816 gidum,
568 2730 684 2791 noctibus
700 2725 799 2809 fervet.
825 2730 966 2792 Codicum
985 2729 1153 2807 scriptorum
1181 2734 1349 2793 auctoritate
1375 2732 1433 2794 heic

330 2874 333 2879 .
441 2831 605 2913 Harduinus
621 2828 739 2889 restituit
751 2828 896 2911 stagnum,
917 2828 967 2891 ubi
990 2828 1037 2889 alii
1050 2829 1200 2891 ediderant
1210 2830 1238 2893 J.
1250 2832 1360 2898 Hamm.
1364 2828 1433 2912 fons.
1495 2852 1496 2860 ¹

439 2926 483 2991 Ex
498 2928 578 2987 fonte
600 2940 696 2987 'tamen
719 2925 782 2988 solis
803 2926 965 3010 profluebat
975 2928 1005 2988 id
1021 2928 1167 3005 stagnum,
1190 2946 1350 2992 memorato
1365 2949 1435 3010 prae-

440 3041 484 3089 ter
509 3026 629 3087 Plinium
653 3026 683 3087 L.
699 3025 734 3091 V.
749 3046 774 3088 c.
793 3048 819 3099 5.
839 3027 869 3086 in
891 3026 1048 3105 Cyrenaica
1070 3046 1162 3105 prope
1184 3026 1357 3090 Hammonis
1381 3049 1435 3091 ora·

441 3126 560 3197 culum,
585 3129 612 3188 St
633 3124 729 3188 Melae
746 3126 776 3189 L.
801 3124 825 3187 1.
846 3146 873 3213 c.
886 3137 914 3197 8.
951 3126 994 3187 De
1015 3124 1097 3188 fonte
1120 3127 1173 3187 isto
1194 3126 1308 3204 prorsus
1341 3128 1436 3189 eadem

442 3226 491 3286 sed
507 3228 593 3288 fuiius
615 3227 701 3287 tradit
718 3226 862 3288 Diodorus
878 3226 934 3291 sic.
958 3226 990 3289 L.
1009 3225 1103 3288 XVII.
1123 3246 1150 3287 c.
1172 3247 1219 3299 50.
1250 3226 1438 3316 cujusyetba

442 3323 503 3384 fere
516 3325 649 3401 expressit
666 3327 779 3388 Curtius
795 3326 827 3388 L.
850 3325 914 3391 vll.
927 3345 952 3387 c.
973 3344 1000 3403 7.
1020 3325 1068 3408 Est
1086 3326 1167 3384 etiam
1184 3324 1271 3383 aliud
1281 3326 1438 3385 Hammonis

440 3442 555 3492 nemus3
569 3422 596 3480 in
608 3424 693 3482 medio
710 3424 790 3484 habet
793 3420 917 3503 fhntem,
935 3445 1033 3505 aquam
1049 3419 1119 3499 fiolis
1140 3443 1248 3485 vocant.
1282 3426 1345 3509 vSub
1372 3424 1440 3483 lucis

441 3537 527 3579 ortum
548 3520 638 3601 tepida
656 3538 748 3581 manat
755 3544 769 3594 ;
790 3524 876 3582 medio
888 3524 950 3599 tie,
972 3544 1052 3603 quum
1069 3521 1301 3601 veliementiffimus
1315 3525 1439 3605 esttaltm

433 3613 541 3702 frigida
558 3618 648 3676 cadem
658 3618 725 3696 fluit
733 3641 747 3692 ;
768 3620 898 3681 inclinato
917 3623 944 3682 in
961 3618 1096 3704 vesperam
1108 3618 1246 3702 calestia
1267 3624 1357 3682 media
1374 3624 1440 3683 nolit

433 3712 542 3797 fervide
558 3718 718 3799 exaestuat}
752 3740 853 3800 quoque
867 3722 979 3802 propius
995 3698 1050 3781 mix
1072 3723 1159 3805 vergit
1176 3721 1318 3781 adiutem
1331 3765 1344 3792 ,
1376 3720 1440 3784 mul«

442 3834 499 3875 tum
514 3836 548 3874 ex
570 3814 691 3875 notltmo
707 3816 795 3876 calore
814 3814 960 3894 decrescit,
987 3823 1069 3880 donee
1091 3816 1144 3897 sub
1166 3814 1252 3901 ipsum
1276 3822 1331 3883 dict'
1358 3838 1439 3881 ottutt

442 3908 542 3989 affueto
556 3930 669 3995 tempore
684 3914 850 3999 languescat.
881 3916 1007 3980 Demum
1032 3921 1179 3981 Lucretius
1198 3920 1230 3981 1.
1256 3920 1306 3981 vi.
1321 3938 1351 3981 v·
1371 3930 1436 3993 848»

443 4012 567 4073 conferri
586 4029 731 4093 metetur,
754 4017 802 4095 qui
821 4017 885 4094 cjut
907 4020 949 4080 rei
968 4020 1109 4083 tationem
1126 4020 1246 4083 reddere
1262 4019 1380 4083 laborat.
1402 4019 1436 4081 0.
