3225 5017
472 473 550 579 m
609 473 873 538 frumine
1104 491 1182 576 157

179 637 243 701 beor
260 644 395 710 maana,
426 634 455 696 dt
472 633 541 694 ideo
563 631 782 709 turbulentum,
805 636 886 714 quod
902 639 931 700 dr
947 635 1064 704 Florido
1081 645 1184 709 &Sal

178 734 260 798 ulio
277 731 389 811 plaoet.
431 732 496 794 Nec
514 745 703 802 memoret,
725 751 977 814 quoargumento
1009 741 1180 820 Erythraeus

178 835 206 894 io
225 832 326 894 indice
344 829 443 908 virgil.
458 849 511 908 pro
526 830 560 892 iis
576 844 701 908 pugnat,
725 832 774 908 qui
789 831 903 896 Cretam
918 837 948 897 in
970 837 1026 900 hoc
1048 842 1127 906 versu
1143 846 1180 906 de

178 930 268 994 insula
286 931 460 1008 accipiunt,
481 930 560 1006 quod
583 929 783 992 autlorimtem
804 929 920 996 alterius
943 933 1101 1014 scriptoris,
1130 944 1181 1020 qui

179 1032 295 1109 rapidus
316 1030 447 1112 genitivo
471 1029 617 1104 junxerit,
640 1045 735 1106 neque
751 1027 800 1090 alii
818 1031 985 1108 attulerint,
1016 1054 1110 1116 neque
1125 1058 1179 1118 ego

178 1129 290 1191 adferre
307 1125 430 1206 poffim3
454 1125 544 1188 multa
556 1126 621 1188 sunt
642 1128 720 1204 apud
740 1129 873 1206 antiquos
899 1123 970 1209 ἔκιε
991 1136 1178 1208 turipum&

179 1227 236 1290 boc
253 1226 350 1306 ipsum
371 1245 462 1305 genus
483 1225 632 1300 dictionis,
657 1245 715 1306 quo
732 1227 873 1303 adieetira
898 1230 1020 1296 verbalia
1046 1233 1177 1313 irrides,

181 1345 220 1388 ue
234 1327 271 1388 de
285 1325 348 1387 aliis
375 1325 495 1398 dmm,
515 1325 643 1403 genitivo
667 1323 832 1390 substantivi
851 1329 1028 1408 junguntur,
1067 1351 1179 1412 praeter

182 1438 312 1488 naturam
328 1422 502 1499 verborum,
523 1441 540 1485 a
560 1423 662 1501 quibus
680 1423 867 1502 derivantur,
892 1427 1026 1506 frequent
1046 1431 1086 1492 est
1102 1433 1180 1512 apud

180 1525 314 1602 antiquos
329 1568 340 1598 ,
357 1521 518 1598 cujusmodi
538 1521 604 1585 suut
622 1542 653 1585 v.
672 1542 714 1601 gr.
735 1522 875 1600 callidus,
896 1527 1015 1602 avidus,
1030 1531 1179 1608 providae,

178 1625 316 1693 invidus,
339 1620 469 1695 validm,
490 1621 529 1684 src
551 1621 730 1700 improvidus
746 1619 832 1686 subiti
855 1623 934 1688 casus
960 1627 1035 1704 apud
1053 1628 1180 1702 Juvena-

178 1721 252 1798 lem,
268 1722 432 1800 impavidus
450 1719 541 1782 somni
560 1721 637 1798 apud
654 1719 755 1782 Silium
771 1720 834 1784 ltal.
865 1722 974 1784 validus
993 1725 1080 1787 animi
1101 1728 1179 1806 apud

178 1821 333 1896 Tacitum,
349 1819 450 1898 quibus
461 1819 628 1882 insolentior
646 1837 708 1880 noo
723 1819 815 1896 potest
836 1821 926 1882 videri
946 1823 1058 1902 rapidus
1075 1843 1178 1900 cretae,

179 1939 246 1982 cum
264 1917 427 1996 praesertim
446 1918 549 1980 eadem
566 1918 677 1980 ratione
697 1916 856 1996 ellipseos,
889 1939 945 1998 qua
965 1920 1028 2016 illa,
1044 1921 1180 2001 explicari

178 2017 273 2098 pollio
298 2019 379 2080 Haec
396 2018 433 2080 de
445 2019 529 2080 Oaxe
547 2019 577 2079 dt
600 2015 740 2078 sententia
758 2013 864 2094 poetae
886 2017 984 2078 dixille
1008 2017 1134 2084 sufficiat.

118 2163 127 2176 „
219 2115 370 2195 Scythiam
391 2120 420 2178 ἃ
435 2116 549 2178 Oaxeru
570 2113 627 2176 dici
647 2127 719 2191 puto
743 2133 797 2191 pro
823 2115 928 2174 Oaxerr
943 2118 1098 2196 Scythiae,
1123 2135 1180 2199 ut,

106 2262 107 2307 3
180 2217 210 2279 L
229 2217 254 2278 1.
272 2216 393 2278 lleoeid.
414 2215 443 2274 in
467 2214 561 2274 brevia
576 2212 605 2272 6·
612 2207 705 2292 syrtes
720 2227 802 2290 urget
817 2229 870 2288 pro
885 2212 914 2271 r'rr
934 2214 1026 2312 brevia
1044 2210 1180 2296 syrtium,

106 2322 107 2386 l
181 2318 208 2376 dr
225 2314 282 2376 alia
304 2311 489 2389 hujusmodi,
511 2330 585 2390 quae
606 2329 668 2372 rroo
682 2309 774 2372 solum
793 2311 871 2388 apud
895 2314 1012 2389 poetar,
1032 2311 1182 2382 sedetiam

105 3229 106 3249 r
180 3201 468 3280 placuir‚improbari
485 3199 598 3266 debeat.
621 3199 752 3278 Denique
762 3200 862 3262 Oaxus
872 3202 900 3264 ἀ
910 3200 993 3264 Oxus
1008 3201 1067 3264 fine
1079 3201 1179 3281 discrit-

105 2424 106 2448 ³
180 2413 279 2492 prosae
306 2412 456 2489 scriptores
476 2410 542 2473 sunt
560 2408 792 2488 frequentilirma.
839 2409 971 2472 Potuerat
998 2412 1179 2488 quidem,li

180 2512 243 2590 quir
261 2512 322 2573 lroc
339 2511 410 2572 mihi
430 2525 575 2588 opponat,
602 2514 688 2586 poeta
705 2507 804 2569 dixiile
818 2509 892 2568 Pars
904 2510 1033 2591 Scythiae
1054 2512 1178 2596 rapidum

179 2629 268 2671 rrerae
292 2610 430 2671 veniemus
452 2610 578 2682 oaxen,
598 2607 648 2668 sed
671 2608 734 2686 quie
754 2625 817 2669 uon
838 2606 936 2678 vidae,
960 2626 993 2670 ea
1008 2610 1117 2672 ratione
1132 2631 1181 2676 ve·

179 2709 322 2772 obstarem
338 2711 366 2770 dr
380 2707 501 2786 gratiam
517 2705 612 2768 rersuu
632 2705 714 2768 fuille
732 2707 915 2785 perituram?
947 2706 1012 2782 Jaru
1031 2727 1100 2771 vero
1116 2712 1180 2788 epi·

179 2807 283 2870 theton
301 2807 426 2888 raptam
443 2807 554 2884 optime
573 2806 730 2868 convenire
742 2807 810 2868 Oxo
830 2823 867 2868 ex
883 2803 960 2881 illio,
989 2825 1061 2884 quae
1088 2822 1120 2870 tu
1146 2811 1186 2872 in·
1317 2826 1327 2846 ·

178 2905 268 2968 literis
288 2908 345 2967 tuis
368 2905 406 2966 de
416 2905 505 2968 fluvio
519 2903 570 2966 illo
585 2906 768 2980 exrirriaoo,
795 2903 916 2982 Polybio
944 2906 972 2968 dt
998 2905 1097 2968 Curtio
1125 2907 1180 2971 ob·

179 3003 314 3078 servatii,
329 3002 393 3066 saris
410 3016 499 3080 patet.
541 3003 606 3066 Neo
623 3001 682 3065 ulla
698 3003 770 3066 ratio
790 3003 856 3072 eli,
900 3022 951 3066 cur
977 3007 1056 3068 vocis
1088 3008 1182 3068 Cretae

180 3103 322 3181 expofitio
337 3103 490 3172 Seruiana,
520 3121 593 3180 quae
615 3102 702 3164 etiam
722 3101 837 3164 Florido
857 3100 965 3164 Sabino
987 3105 1016 3166 or
1044 3102 1182 3176 Salmaiio

178 3302 256 3363 mine
269 3300 329 3362 dici
345 3299 431 3362 docet
447 3298 616 3374 Salomliua,
629 3299 877 3378 quemadmodum
895 3295 1002 3370 διάη
1020 3303 1048 3363 dr
1066 3297 1181 3374 Ὠρίων.

105 3440 106 3465 r
179 3413 265 3477 atque
282 3399 363 3460 idem
378 3398 466 3460 etiam
486 3411 569 3461 notat
583 3398 615 3460 io
634 3399 758 3477 antiquie
776 3397 856 3462 libris
871 3396 953 3490 Plirir
966 3397 1016 3464 VI.
1038 3406 1084 3464 16.
1096 3399 1181 3468 scribi

105 3490 106 3565 l
182 3500 263 3558 Oxus
281 3498 372 3557 amnis
386 3515 461 3558 ortus
479 3496 507 3558 r‘rr
526 3496 703 3571 luuoaxo,
733 3496 783 3560 ubi
800 3495 911 3576 vulgati
927 3497 1035 3563 habeut
1056 3501 1088 3565 in
1112 3501 1179 3568 lacu

105 3584 106 3661 Ῐ
184 3603 269 3677 oea,
293 3598 473 3677 quodetiam
485 3596 600 3660 Solium
622 3596 747 3659 retinuit.

559 3711 720 3759 uuuuuus
736 3695 765 3756 ir
783 3694 855 3779 epil.
877 3696 918 3758 ad
933 3695 1138 3758 Sriminckiurr.

222 3752 384 3877 Nunqualn
396 3797 568 3874 argumentis
586 3795 653 3858 licet
666 3793 703 3857 ab
722 3810 841 3874 utraque
856 3809 936 3874 parte
953 3795 1044 3875 probe
1057 3811 1181 3872 perpera

183 3899 217 3960 iit
237 3918 254 3960 a
278 3915 327 3958 me
344 3896 495 3972 impetrare
509 3895 613 3972 potui,
635 3907 668 3956 ut
687 3893 835 3974 Virgilium
865 3912 915 3972 per
940 3893 1053 3956 Oaxem
1078 3893 1182 3972 Cretae

183 3996 288 4059 insulae
309 3994 434 4057 fluvium
451 3991 608 4072 intelligere
623 3993 790 4068 bredereru3
819 3992 906 4068 huius
924 3991 1003 4054 euim
1025 3987 1183 4056 sententiae

186 4099 296 4174 patroni
309 4093 372 4157 solo
387 4091 461 4156 Vibii
483 4091 602 4172 (frullra
620 4091 751 4173 Virgilius
772 4092 828 4154 hac
843 4092 873 4153 iu
884 4105 916 4152 re
929 4087 1085 4167 laudatur)
1108 4089 1189 4168 testie
