3225 5017
421 472 528 537 ‘ru
586 474 846 561 rtumrrra
938 528 943 533 .
1085 483 1163 567 2¹3

118 648 119 657 ’
166 626 285 713 ''Aooain
315 637 347 698 in
367 632 518 697 latentem
539 631 675 707 mutasse,
700 630 809 708 judicat
834 628 1024 699 Casaubome.
1061 632 1169 705 muro,

172 739 227 798 rius
248 746 352 795 contro
375 753 522 811 perperam
545 735 619 794 viros
648 732 749 792 docies
774 729 851 807 apud
873 728 1042 792 Strabonem
1071 731 1169 809 legen·

171 836 240 897 dum
257 833 366 893 sualilie
386 833 480 895 censet
492 830 606 903 ”ovorio
630 830 698 891 Non
714 830 791 889 enim
809 844 917 889 temere
933 830 1098 891 mutandam
1110 829 1167 891 esse

171 931 327 1004 vocalem3
354 932 475 1007 utique,
498 948 589 1007 quum
600 928 745 1004 hodieque
765 939 883 988 vocetur
905 924 1166 1009 amniaL'Aufente‚

172 1033 199 1091 sa
222 1026 421 1109 antiquilsrmis
446 1027 502 1089 illis
526 1026 701 1104 temporibus
715 1025 801 1087 fuerit
818 1020 930 1105 Oufans.
963 1024 1026 1088 Alio
1048 1027 1166 1089 nomine

170 1126 259 1187 hodie
283 1144 400 1207 quoque
420 1124 443 1183 il
454 1142 592 1205 portatore
619 1138 807 1202 nuncupatur·
846 1123 890 1189 De
914 1122 995 1187 cursu
1016 1123 1096 1188 fluvii
1118 1143 1169 1188 ao·

170 1224 295 1291 dendus
320 1224 452 1302 Virgilius
476 1224 547 1285 Aen.
569 1222 632 1291 vll.
653 1244 682 1291 v.
705 1234 774 1295 802.
859 1250 866 1261 ²

456 1330 458 1337 '
724 1320 882 1407 gelidusque
900 1343 952 1403 per
974 1320 1069 1379 imas·

298 1418 414 1499 Quaerit
430 1418 482 1478 t'ter
498 1418 586 1479 ualles
594 1463 606 1491 ‚
628 1437 709 1499 atque
729 1421 756 1479 t'n
774 1440 846 1480 mate
861 1403 986 1481 conditur
1004 1417 1099 1503 Ufens.
1159 1504 1169 1519 1

167 1518 298 1597 itemque
313 1518 396 1581 Silius
418 1516 583 1583 Italicus'b.
605 1518 683 1581 Vlll.
702 1538 730 1581 v.
760 1530 868 1663 mm&

893 1621 954 1663 atra

294 1699 421 1759 Liuentes
452 1720 530 1759 coeno
546 1720 598 1780 per
614 1694 745 1779 squalida
762 1702 888 1759 turbidus
913 1724 984 1761 arua

296 1798 374 1879 Cogit
400 1817 485 1879 aquas
515 1792 617 1875 Ufens,
648 1816 731 1879 etque
760 1797 987 1878 inficitfieequora
1009 1797 1082 1862 limo.

168 1924 281 1987 Praeter
302 1920 380 1983 hunc
404 1921 539 1983 Ufentem
555 1921 681 1985 nostrum
706 1922 792 1985 alium
813 1941 928 1999 quoque
951 1921 1058 1985 Galliae
1079 1918 1167 1985 bisai-¹

169 2025 256 2101 pinae
278 2018 376 2083 tribuit
395 2018 567 2094 Boccacius,
587 2039 672 2099 quem
693 2022 767 2082 inter
785 2023 814 2083 ἀ
836 2021 961 2083 Athesim
975 2023 1101 2084 Senoneo
1115 2022 1164 2083 ha·

170 2120 297 2181 bitarint.
341 2117 394 2177 lsta
425 2117 507 2178 Livio
532 2118 618 2177 debet
642 2118 709 2186 ille,
737 2120 814 2195 apud
836 2123 934 2195 quem}
950 2121 981 2181 L.
996 2120 1031 2182 V.
1062 2140 1088 2181 e
1116 2139 1165 2196 35·
1205 2111 1209 2119 ⁸

170 2218 243 2283 haec
266 2214 378 2277 habes:
404 2214 468 2277 Tum
484 2216 618 2291 Senones,
641 2214 801 2298 receatiffirni
823 2218 1005 2290 avenarum,
1020 2218 1055 2275 at
1070 2212 1168 2294 Ul‘ente

166 2316 279 2397 flumine
299 2309 381 2394 usque
405 2315 446 2373 ad
466 2315 576 2394 Athefin
589 2314 661 2391 fhus
677 2316 798 2375 habuere.
820 2313 926 2379 Verum
950 2316 1016 2377 heic
1031 2317 1102 2375 mita
1122 2314 1166 2375 iu·

173 2430 216 2478 ter
233 2414 262 2498 se
283 2412 469 2476 consensione
486 2428 596 2477 veteres
626 2413 691 2477 libri
716 2413 823 2475 habent
855 2416 973 2489 mente,
997 2414 1066 2475 teste
1086 2414 1166 2490 Sigo-

174 2514 237 2588 nio,
260 2513 310 2591 qui
330 2512 430 2575 vitioso
453 2513 563 2592 Ariesra
584 2532 698 2591 quoque
723 2512 1002 2579 substituendorum
1023 2509 1162 2577 Strabone

173 2612 259 2679 docet
280 2612 370 2697 aesta.
412 2609 450 2675 0.

589 2776 728 2885 ,Varus

218 2973 362 3049 Galliam)
384 2993 413 3037 v.
434 2970 565 3037 Lucanus
586 2972 618 3039 t.
635 2972 658 3037 I.
676 2996 705 3042 v.
724 2997 792 3053 404.
825 2980 854 3041 u
881 2978 995 3043 Servius
1025 2978 1062 3042 ad
1082 2976 1160 3058 lsrrg.

174 3078 245 3140 rien.
263 3074 296 3137 L.
311 3074 334 3136 I.
359 3093 389 3135 v.
413 3093 436 3133 t.
463 3074 517 3154 Isto
537 3090 668 3155 tempore,
692 3095 742 3155 quo
763 3078 870 3137 Aeneas
887 3079 927 3137 ad
939 3076 1050 3137 Italiam
1073 3077 1161 3152 uenit,
1186 3160 1189 3166 Ι

170 3174 239 3253 finis
264 3189 323 3232 erat
350 3168 450 3231 Italiae
471 3164 552 3250 usque
566 3170 606 3229 ad
619 3170 781 3233 Rubiconem
792 3175 909 3252 fluvium
928 3220 937 3238 .
960 3221 971 3240 .
994 3218 1002 3235 .
1026 3175 1103 3235 Unde
1115 3192 1166 3255 ar,
1202 3233 1213 3245 ,

169 3290 268 3354 paret,
289 3272 447 3331 Antenorem
468 3290 523 3329 non
544 3270 585 3327 ad
602 3268 713 3329 Italiam
733 3266 844 3347 uentffi,
854 3266 955 3349 sadud
971 3269 1090 3333 Galliam
1106 3265 1164 3351 tis.

174 3370 313 3451 alpinam,
349 3368 376 3427 in
401 3388 455 3453 qua
474 3367 582 3428 Venetia
598 3366 645 3447 est.
696 3370 791 3450 Postea
819 3392 880 3432 vero
892 3412 903 3442 ,
933 3370 1063 3454 promotis
1083 3365 1163 3453 usque

176 3472 215 3527 ad
230 3466 321 3549 Alpes
343 3466 443 3527 Italiae
465 3464 568 3545 finibus
579 3508 591 3537 ‚
611 3468 719 3528 novitas
742 3469 845 3531 creavit
872 3492 990 3536 errorem.

219 3568 306 3643 aare)
329 3586 357 3631 v.
379 3566 485 3628 Savaro
504 3566 541 3627 ad
562 3564 661 3628 Sidon.
681 3566 711 3629 Ι,
732 3566 754 3629 l.
775 3587 824 3647 ep.
847 3590 873 3645 5.
911 3584 1048 3636 trassel..

224 3666 374 3745 Perperam
397 3662 468 3733 haec
487 3663 573 3725 nostri
596 3664 681 3726 verba
702 3668 778 3746 cepit
795 3666 920 3732 Orteliur
939 3669 990 3732 sub
1012 3686 1086 3731 voce
1105 3668 1168 3757 Vir·

178 3764 257 3840 bins,
283 3762 445 3841 quisrustra
461 3761 606 3825 succenset
626 3763 728 3840 Vibio,
758 3768 836 3846 quod
853 3768 958 3831 Varum
980 3782 1061 3829 antea
1082 3784 1166 3830 voca·

178 3874 239 3923 tum
256 3862 437 3924 Rubiconem
459 3862 561 3945 tradat.
585 3862 655 3926 Non
669 3864 699 3925 id
720 3864 770 3927 srbi
786 3866 849 3928 vult
878 3866 996 3941 Vibius,
1026 3865 1075 3927 sed
1096 3865 1165 3928 olim

180 3959 360 4022 Rubiconem
381 3959 581 4022 disterminasse
596 3960 706 4024 ltaliam
721 3983 737 4025 a
755 3963 972 4037 conscribit,
998 3962 1093 4039 postea
1113 3964 1167 4026 lla·

179 4074 253 4120 ruur.
286 4058 387 4121 Traxit
401 4073 496 4123 autem
514 4060 563 4121 ista
581 4078 617 4121 ex
634 4060 767 4135 Lucano,
784 4063 833 4140 qui
848 4061 914 4124 loco
937 4062 1049 4123 laudato
1069 4062 1123 4127 stc:

302 4159 377 4219 linis
404 4152 596 4240 &Hesperiae
615 4176 742 4302 promoto)
753 4160 836 4218 limite
860 4162 958 4220 Varus.

767 4262 779 4315 3
