3225 5017
419 492 496 598 198
625 506 814 567 norun
871 501 1193 568 viltronum

416 665 594 741 submiserit,
612 682 722 745 quaque
741 663 765 724 is
788 665 887 725 venus
903 662 1045 727 Sollacem
1068 662 1138 738 (vel
1151 662 1280 741 Sylacctn
1292 708 1302 735 ,
1312 675 1345 725 ut
1359 663 1416 728 Eu·

418 765 533 829 statbius
557 765 592 826 ad
619 761 745 843 Dionysii
762 782 789 824 v.
811 768 881 838 97⁶·
902 761 1010 839 habet)
1031 760 1186 848 superarit,
1205 775 1254 822 aut
1273 761 1415 823 aliaccho

416 863 497 941 ipso,
520 876 553 925 ut
574 860 791 940 Alphefiboeam
811 860 969 943 nympham
982 876 1060 924 trans
1079 860 1202 921 fluvium
1223 874 1417 945 memoratum

417 961 492 1022 serre
513 960 632 1028 liceret,
647 960 677 1020 in
695 958 789 1037 tigrim
806 957 964 1032 converso,
988 972 1185 1036 nuncupatum
1202 958 1312 1043 fiumen
1336 977 1419 1019 com·

417 1076 565 1123 memorat.
610 1055 715 1123 Forsan
736 1073 889 1134 utrumque
913 1057 1069 1120 &flumen
1092 1059 1121 1118 dr
1144 1056 1236 1117 ferum
1259 1076 1276 1117 a
1299 1054 1418 1133 sagitta,

418 1158 495 1235 apud
510 1158 617 1219 llledos
632 1175 704 1235 quae
723 1155 802 1238 tigris
815 1154 968 1230 salutatur,
1004 1158 1032 1219 dt
1062 1156 1144 1230 cujus
1167 1153 1328 1220 velocitatis
1353 1152 1420 1213 sunt

419 1255 546 1321 aemula,
565 1255 689 1317 nominis
705 1254 846 1332 originem
854 1255 947 1315 traxit.
965 1274 990 1316 v.
1008 1252 1116 1317 Plinius
1133 1254 1169 1314 H.
1180 1254 1218 1316 N.
1233 1252 1265 1316 L.
1275 1252 1326 1318 VI.
1335 1272 1417 1329 αν).

420 1354 499 1417 Loco
517 1354 651 1421 Thonitis
671 1352 781 1433 paludis
802 1351 967 1416 Plutarchus
983 1347 1144 1429 Arsacidum
1172 1354 1319 1427 nominat,
1335 1351 1423 1427 Justr·

423 1470 477 1515 nus
495 1452 524 1513 L·
548 1452 639 1515 XLll.
657 1472 682 1513 c.
701 1470 725 1529 3.
742 1452 772 1511 in
788 1450 906 1528 paludes
924 1450 1076 1528 Euphratis
1095 1452 1184 1529 recipi
1206 1450 1310 1515 scribit.
1347 1449 1420 1513 Pasi-

422 1550 500 1627 tigris
512 1570 619 1611 nomen
640 1568 676 1610 ex
692 1566 728 1611 co
744 1548 827 1620 loco,
854 1570 911 1627 quo
927 1549 1001 1611 alvei
1017 1552 1078 1626 ejus
1096 1565 1226 1613 remeant
1255 1566 1341 1629 atque
1368 1551 1422 1617 ite·

423 1667 485 1711 rum
504 1649 673 1717 confluunt,
694 1648 823 1726 accipere
836 1647 940 1710 Plinius
956 1648 1089 1723 testatur,
1114 1648 1134 1711 l.
1154 1668 1180 1712 c.
1200 1632 1301 1710 Strabo
1319 1662 1421 1715 contra

421 1744 442 1805 l.
457 1766 482 1807 c.
504 1746 621 1811 flumina
639 1747 953 1824 canoamuaesmam
964 1748 1144 1825 pervadunt,
1155 1749 1185 1808 in
1197 1746 1289 1826 Tigris
1304 1746 1422 1810 alveum
1496 1787 1497 1822 2

422 1860 457 1907 ac
475 1843 624 1923 Euphratis
645 1846 827 1907 intermedias
842 1844 926 1908 misas
950 1845 1030 1907 illabi
1047 1846 1152 1921 refert,
1174 1861 1259 1925 atque
1280 1847 1351 1910 hinc
1374 1845 1425 1908 Pa·
1496 1857 1497 1912 l

423 1940 540 2021 srtigrim
572 1944 631 2009 dici
663 1944 803 2021 perbibet.
856 1946 920 2006 Hoc
953 1945 1087 2023 Pasitigris
1118 1964 1225 2006 nomen
1253 1944 1349 2009 nescio
1383 1964 1425 2008 an
1496 1925 1497 2014 l

424 2040 538 2122 prorsus
563 2041 746 2106 necessarium
776 2042 809 2105 lit
836 2044 942 2106 restitui
962 2044 1040 2121 apud
1060 2043 1219 2108 Diodorum
1246 2043 1374 2111 Siculum
1389 2044 1424 2108 L.
1496 2125 1497 2130 ἵ

426 2139 535 2203 XVlll.
551 2162 578 2229 p.
595 2160 650 2220 597
668 2144 776 2205 &uzo
803 2155 836 2208 ut
858 2141 1091 2207 vultPalmerius.
1105 2144 1173 2206 Non
1186 2144 1262 2206 enim
1273 2142 1370 2225 priscis
1382 2144 1426 2209 ita

378 2293 389 2305 ,
427 2236 556 2307 solemne
579 2241 634 2303 fuit
659 2240 811 2323 Pasitigrim
827 2242 921 2306 dicere
944 2242 975 2304 in
1001 2241 1128 2303 inferiori
1155 2249 1251 2321 parte',
1274 2246 1426 2331 utnon&
1496 2253 1497 2332 l

427 2336 537 2415 Tigrim
549 2338 666 2417 simplici
677 2358 750 2403 voce
760 2354 969 2417 nuncuparent.
993 2340 1027 2403 ln
1040 2338 1225 2408 describendo
1236 2341 1318 2404 cursu
1330 2343 1427 2425 amnis
1496 2339 1497 2432 l

428 2454 516 2501 nemo
538 2453 667 2505 veterum
692 2438 854 2516 diligentior
876 2440 916 2504 est
931 2438 1041 2511 Plinio,
1055 2458 1141 2516 quem
1161 2439 1180 2500 l.
1196 2460 1221 2501 c.
1247 2438 1334 2502 velim
1353 2441 1427 2502 cbo·
1496 2439 1497 2498 l

427 2532 509 2601 sulas.
552 2532 656 2623 Ipsum,
679 2520 733 2621 gua
758 2537 863 2598 tardior
890 2537 980 2615 fluit,
1012 2536 1124 2620 Diglito
1148 2559 1238 2603 nomen
1253 2533 1302 2614 effe
1317 2536 1423 2604 scribit.
1496 2553 1497 2616 f

427 2631 589 2699 Commode
605 2633 662 2699 hoc
675 2634 803 2712 proferto
826 2634 930 2697 Plinius
949 2633 1051 2709 affert,
1081 2637 1158 2719 apud
1175 2636 1332 2713 Josepbum
1345 2639 1426 2702 enim

429 2733 524 2809 dntiq.
540 2732 607 2805 Jud.
638 2732 669 2795 L.
697 2733 720 2795 1.
742 2753 766 2801 c.
784 2752 813 2797 2.
844 2733 942 2801 uiuitis
969 2733 1103 2796 salutatur
1134 2738 1162 2795 dt
1191 2735 1280 2796 hodie
1308 2756 1426 2816 quoque
1496 2781 1497 2784 κ

429 2830 555 2911 Daglule'
576 2832 645 2890 item
663 2830 737 2918 Tegil
755 2831 915 2913 nuncupari
930 2831 1029 2900 fertur.
1083 2833 1125 2895 Ex
1141 2833 1242 2897 eadem
1263 2836 1361 2903 radice
1376 2856 1426 2897 an·
1496 2843 1497 2874 ³

428 2925 540 3000 tiquum
555 2931 662 2988 nomen
679 2928 796 2995 Hidelrel
811 2928 1009 3007 propullulalse
1028 2931 1266 3016 manifestumest.
1297 2934 1425 3001 Domum

430 3021 539 3099 Tigridi
553 3024 647 3088 nostro
666 3026 738 3088 duos
759 3047 873 3104 quoque
886 3027 956 3091 alios
977 3031 1163 3108 cognomines
1184 3032 1287 3101 fluvios
1314 3052 1427 3106 memo:

430 3135 472 3191 rat
490 3123 521 3190 in
542 3125 675 3194 armenia
691 3126 855 3195 Herodotus
878 3126 910 3195 L·
922 3126 954 3189 V·
974 3148 1000 3195 c·
1017 3147 1065 3205 52·
1085 3165 1090 3170 ·
1107 3129 1150 3196 O..

786 3306 1071 3397 Taurominius

451 3578 453 3582 ,
477 3498 693 3579 Tourominium)
713 3524 740 3568 u.
766 3504 829 3579 Jan.
850 3504 1013 3584 Rutgerfius
1028 3527 1085 3569 var.
1108 3508 1173 3571 ledi.
1195 3508 1226 3571 L.
1245 3508 1293 3571 lV.
1319 3530 1347 3573 c.
1377 3532 1424 3574 ro.

435 3600 474 3666 cs.
502 3600 637 3665 Cellarius
650 3602 684 3663 G.
702 3604 734 3671 tl.
759 3604 791 3669 L.
813 3604 850 3669 ll.
868 3624 893 3669 c.
912 3624 958 3672 ιι.
973 3626 1003 3685 p.
1022 3613 1091 3679 624.
1117 3606 1199 3674 Idem
1213 3607 1282 3688 legit
1294 3603 1426 3685 Meffemu

433 3720 500 3767 cum
522 3702 589 3769 edit.
606 3700 774 3767 Florentino.
805 3702 937 3784 Denique
956 3698 1079 3779 Euscion
1102 3706 1183 3768 chora
1213 3703 1328 3767 avuncuii
1352 3705 1425 3783 χόμ

432 3798 594 3882 Rutgersrus
614 3800 661 3863 cit.
679 3800 743 3867 loco
767 3802 943 3875 conjectatus
967 3802 1015 3866 est.
1040 3818 1178 3869 nassau.

476 3900 693 3975 Tauromenium)
715 3898 789 3965 hanc
809 3918 912 3966 vocem
931 3899 1000 3967 olim
1020 3900 1169 3968 Pincianus
1192 3903 1228 3965 ad
1249 3902 1372 3965 Plinium
1392 3903 1422 3967 L.

306 4032 315 4054 .
431 3994 484 4059 Ill.
504 4017 529 4065 c.
548 4008 575 4069 8.
590 4002 618 4067 dt
636 3998 733 4061 Delrio
749 4000 785 4064 ad
800 3998 931 4062 Solinurn
955 4020 1017 4078 cap.
1041 4020 1068 4063 2.
1097 4021 1133 4065 ex
1152 4000 1325 4064 membranis
1352 4000 1424 4063 resti·

433 4106 549 4158 ruerunt
564 4100 591 4163 ἃ
608 4098 725 4163 Golzius
748 4118 783 4162 ex
800 4100 925 4161 nunrmis
952 4112 1218 4162 rarsomursnnrs.
