3225 5017
423 548 471 636 52
645 541 827 603 noran
885 515 1192 603 vationum

551 696 612 783 Ipse
648 699 697 759 tili
726 693 830 775 rmifftu
861 697 978 779 nebulofi
1004 698 1094 762 littore
1124 697 1250 780 Averni,

597 796 753 872 Silicenis,
772 793 845 875 fimi
860 798 1044 858 verlatotort
1062 793 1149 873 sonet.
1180 817 1185 821 ·
1213 833 1218 843 ·

427 925 463 987 ad
479 942 550 1002 quos
578 920 673 984 versus
689 920 802 998 Virgilii
821 919 919 983 locum
942 940 979 982 ex
992 920 1042 983 VI.
1060 922 1178 984 heneid.
1203 926 1356 1002 occupavit
1371 945 1426 990 mr.

427 1021 623 1103 peruseditor.
655 1019 776 1082 OvidIus
796 1038 910 1098 quoque
934 1020 971 1081 de
997 1022 1095 1085 Aenea
1125 1023 1176 1115 ita·
1192 1022 1270 1085 canit
1293 1023 1368 1087 Met.
1381 1023 1423 1089 ¹L.

425 1120 507 1229 'XIV‘
531 1118 608 1246 vers·-
628 1138 696 1195 104.
811 1196 966 1281 vivacisque
988 1217 1069 1261 antra
1083 1200 1207 1281 Sibyllae

551 1298 658 1361 Intrat:
674 1300 722 1375 δ’,
736 1317 766 1358 ιιι
782 1319 873 1359 manes
891 1301 1029 1381 adtatper
1044 1300 1157 1361 Averna
1171 1313 1317 1383 paternos,

425 1500 470 1565 De
480 1402 581 1579 Styg?
580 1416 685 1563 fllium
704 1496 826 1561 Ovidius
846 1496 918 1559 IiIet.
938 1494 1037 1561 1.1v.
1060 1495 1129 1558 vers.
1152 1468 1241 1577 433..

548 1624 596 1699 En
613 1623 661 1684 via
676 1620 806 1693 declivis,
822 1616 929 1699 funesta
944 1617 1039 1679 nubila
1064 1637 1132 1679 taxo
1147 1663 1159 1691 ,

550 1720 641 1781 Ducit
655 1721 694 1779 ad
707 1714 823 1797 infernas
834 1740 884 1799 per
899 1734 974 1776 muta
981 1716 1092 1797 filcaria
1101 1713 1191 1793 sedes.

548 1821 622 1901 Styx
649 1816 760 1879 nebulas
784 1816 899 1878 exhalat
924 1816 1024 1877 iners.
1068 1862 1076 1877 .
1120 1863 1128 1878 .
1173 1862 1181 1879 .

362 1986 364 1992 ,
425 1944 550 2007 Vocatur
585 1961 670 2019 porro
695 1939 750 2001 alio
779 1940 898 2001 nomine
923 1938 1056 2001 Acheron
1077 1942 1232 2016 Senatu,
1258 1939 1417 2010 Σκιώνης,
1494 1991 1498 1999 .

424 2046 469 2109 uti
485 2044 600 2107 madunt
628 2038 773 2117 hpollonii
796 2038 892 2099 Rhod.
922 2037 1029 2099 scholia
1044 2039 1087 2099 'ad
1109 2038 1173 2101 libr.
1196 2039 1234 2101 II.
1253 2040 1324 2106 vers.
1344 2060 1417 2119 745·

409 2154 546 2207 'canum
596 2135 637 2201 ¹In
657 2136 808 2201 Acherusia
823 2135 997 2198 Chersoneso
1010 2135 1166 2199 Herculem
1189 2138 1362 2203 descendisse
1379 2143 1417 2205 ad

421 2243 543 2314 inferos,
563 2238 692 2300 referunt
719 2234 890 2313 Xenophon
915 2235 952 2296 de
971 2236 1074 2312 euped.
1094 2234 1160 2314 Cyri
1174 2235 1208 2301 I..
1225 2236 1274 2299 VI.
1293 2258 1324 2315 p.
1345 2254 1417 2316 374.

420 2337 617 2413 &Eustathius
632 2336 669 2395 ad
678 2332 793 2411 Dionys.
813 2354 839 2395 v.
854 2352 923 2410 791·
941 2333 1115 2396 Herculeum
1149 2335 1233 2399 illum
1267 2335 1415 2417 laborem,

419 2456 508 2515 quem
530 2452 664 2497 nummus
686 2429 842 2493 Heracleae
870 2432 1004 2493 Ponticae
1028 2431 1080 2495 sub
1105 2433 1251 2497 Gordiano
1268 2437 1415 2513 percussus
1523 2481 1524 2492 .

419 2534 485 2601 sistit
508 2529 663 2611 aptissime,
686 2531 815 2600 certatim
835 2529 1020 2594 nobilitarunt
1039 2545 1169 2595 veterum
1195 2553 1326 2613 gemmae
1350 2540 1416 2599 arti·

420 2632 518 2701 licum.
563 2628 627 2701 Tu,
653 2626 779 2701 stuciis,
797 2626 962 2705 Lipperrina
976 2633 1077 2709 ectypa
1089 2633 1145 2694 adi.
1182 2633 1227 2696 De
1243 2634 1332 2697 fluvio
1351 2636 1415 2714 ipso

419 2728 541 2810 gemella
574 2725 707 2789 Straboni
744 2724 833 2787 habet
864 2730 891 2788 dt
917 2727 1102 2807 Thucydides
1118 2730 1151 2794 L.
1163 2730 1187 2795 I.
1202 2751 1230 2795 c.
1250 2749 1300 2809 47.
1321 2733 1415 2796 Ache·

415 2844 529 2893 rontem
548 2846 600 2904 pro
614 2824 674 2903 ipso
697 2824 810 2885 inferno
828 2826 963 2887 &inseris
980 2827 1039 2889 Diis
1058 2826 1202 2905 usurpari,
1223 2828 1410 2895 notiffimum.

373 2950 376 2954 ·
418 2929 507 3005 Quod
529 2926 663 2988 Claudius
680 2923 827 3003 pollicitus
849 2924 911 2998 est,
939 2923 968 2985 se
988 2924 1076 2987 fusius
1093 2926 1166 2987 infra
1185 2928 1223 2987 de
1247 2928 1412 3008 Acheronte

414 3025 481 3091 Iacu
502 3008 647 3100 ablutum,
672 3042 776 3087 vanum
796 3023 827 3085 id
849 3023 921 3098 fuit,
944 3023 1087 3102 promiffid
1105 3044 1166 3089 non
1184 3027 1268 3089 stetit
1310 3028 1350 3091 Ο.
1391 3084 1396 3091 .

644 3256 645 3259 “
846 3204 981 3290 Anien

356 3462 358 3468 s
453 3404 549 3469 Hodie
571 3406 706 3468 Tenemur.
748 3402 837 3467 Hunc
857 3386 1013 3467 flumom'a
1031 3403 1275 3467 criminationibus
1291 3424 1404 3484 eorum,
1514 3419 1515 3426 ’

411 3506 557 3591 quinques
573 3523 639 3567 eum
655 3505 749 3565 minus
766 3522 851 3580 puras
874 3501 1027 3581 minusque
1046 3502 1171 3569 salubres
1186 3503 1322 3581 praebere
1338 3526 1408 3568 con·
1513 3515 1514 3526 ¹

406 3605 574 3673 tenderunt,
598 3599 723 3665 vlndicat
741 3604 848 3665 hnton.
866 3600 914 3662 del
928 3601 971 3663 Re
992 3602 1023 3662 in
1048 3600 1205 3664 Tiburtinis
1224 3603 1357 3681 antIquit.
1374 3604 1406 3665 in
1512 3617 1513 3624 ’

408 3702 493 3769 Thes.
505 3701 566 3769 ltal.
576 3701 612 3764 T.
624 3699 702 3763 VIII.
712 3700 743 3765 P.
753 3699 802 3763 IV.
847 3700 885 3763 0.
960 3700 1049 3761 Anien
1058 3702 1191 3779 antiquus
1201 3700 1240 3762 est
1254 3703 1408 3767 nominati·

408 3823 479 3875 vus,
496 3822 553 3881 quo
568 3800 633 3876 usus
653 3798 758 3861 alicubi
776 3796 860 3860 Silius
871 3797 1001 3872 Italicus,
1011 3812 1044 3862 ut
1054 3801 1113 3875 jam
1130 3798 1289 3861 observavit
1298 3799 1402 3879 Lloyd.

405 3900 435 3961 in
454 3902 639 3963 Didtionario.
689 3897 768 3961 Dixit
784 3915 903 3975 quoque
918 3898 1018 3960 'manib
1042 3896 1210 3961 Plutarchus
1230 3898 1261 3958 in
1285 3897 1404 3959 Caesare

402 4017 466 4076 pag.
488 4018 556 4077 735.
578 3998 704 4078 usitatius
727 3996 767 4057 est
787 3995 883 4069 Anio,
914 3995 1021 4057 Graece
1043 3994 1131 4055 'Arius
1173 3995 1217 4059 De
1239 3995 1401 4057 amoenissi·

402 4099 443 4154 nri
460 4094 576 4173 hujusce
588 4106 589 4111 ’
603 4097 694 4157 amnis
716 4094 818 4168 cursu,
834 4097 861 4156 dt
878 4092 1070 4156 saluberrimis
1089 4094 1125 4155 ad
1147 4096 1272 4157 eundern
1288 4092 1400 4158 Albulis
1507 4115 1508 4138 ³

398 4190 503 4273 aquis,
543 4198 609 4260 vide
646 4214 718 4276 quae
753 4193 862 4258 habent
897 4192 1043 4265 Pausanias
1075 4175 1222 4259 Messenis.
1255 4213 1319 4271 cap.
1346 4214 1394 4274 35.
