3225 5017
510 479 582 540 tn
649 478 828 542 ticos
1067 469 1171 592 '255'

370 680 416 765 ln
442 677 674 768 Athamana
699 681 811 767 lacus
834 680 974 774 Lunae

207 876 294 941 Haec
316 878 421 956 etiam,
444 842 477 942 ot
496 878 551 943 alia
570 878 645 943 bene
668 880 778 953 multa,
811 901 850 945 er
873 884 981 947 Ovidio
1000 903 1116 955 metam.
1137 892 1170 957 1..

165 975 234 1041 XV.
252 976 351 1041 hausta
369 976 453 1054 sont3
474 977 524 1041 sed
547 979 748 1059 nescioquem
772 982 804 1045 in
830 982 952 1045 modum
973 1003 1099 1054 mutata:
1132 993 1174 1057 fic

165 1078 277 1141 etenim
299 1081 386 1157 poeta
407 1076 480 1143 vers.
507 1083 576 1156 tri.

293 1202 425 1262 Admotis
444 1201 610 1263 Athamana
624 1204 704 1284 aquis
725 1206 870 1265 accendere
894 1205 996 1289 lignum
1097 1181 1100 1190 ι

279 1303 452 1393 Narratur,
474 1297 595 1363 raittimos
616 1323 696 1383 quum
714 1302 794 1362 [aaa
812 1302 910 1383 receffit
933 1307 962 1365 ia
985 1310 1071 1372 orbes.

167 1425 221 1489 Cui
236 1425 417 1490 Laetantiom
429 1427 575 1507 adjungo:
598 1426 622 1487 is
638 1427 677 1487 ita
692 1444 799 1506 argum.
817 1442 932 1491 metant
954 1432 1041 1495 Ovid.
1057 1435 1089 1502 L.
1100 1436 1169 1507 XV.

166 1524 225 1591 fab.
249 1531 297 1586 16.
316 1528 395 1612 *Fons
414 1524 580 1586 Artamis
602 1523 703 1607 ligmtm
718 1527 851 1589 accendit.
883 1529 1050 1591 Athamania
1065 1532 1170 1613 Ihtffia·

168 1621 221 1681 liae
240 1624 358 1705 regionis
382 1620 458 1703 fami
472 1622 573 1707 ligonem
598 1640 710 1701 tenuata
739 1625 819 1685 Lutra
842 1628 979 1688 admotum
1002 1635 1168 1699 accenditur.

163 1715 198 1783 In
213 1721 301 1781 Vibio
320 1721 376 1800 legi
399 1720 489 1799 poffet
508 1742 562 1801 pro
583 1720 746 1782 htatamatra
766 1722 848 1785 lacus
867 1727 961 1786 Lunae
986 1747 1075 1790 tenera
1092 1731 1171 1816 ligna

164 1820 291 1879 accendit
309 1820 365 1894 irc,
381 1822 410 1879 t'n
429 1820 597 1885 Athamania
615 1818 695 1879 lacus
708 1820 775 1881 luta
789 1839 880 1883 ttacra
895 1824 1015 1902 (idest,
1031 1836 1170 1908 tenuata)

164 1919 242 2002 lig'm
260 1919 406 1980 accendit:
427 1919 694 1981 verumenimvero
715 1919 780 1983 MS.
809 1920 882 1984 Rev.
914 1924 1055 1989 exhibens
1076 1931 1169 1989 tcam'a

161 2037 216 2094 pro
232 2034 324 2077 tenera
342 2033 402 2079 non
420 2016 549 2080 fortunat
571 2037 666 2079 meam
686 2018 757 2081 mihi
783 2022 1001 2100 conjecturam,
1040 2027 1092 2089 nist
1115 2048 1169 2091 ex-

163 2117 229 2177 trita
247 2115 341 2179 littera
369 2116 519 2195 postrema
545 2132 682 2179 nassas..
765 2118 801 2180 In
822 2120 1021 2183 constituendo
1044 2126 1102 2187 hoc
1125 2147 1171 2187 ar.
1296 2181 1301 2194 ,

161 2214 275 2293 riculo,
305 2216 478 2281 Boccacium
498 2215 595 2279 sumus
619 2214 729 2293 secuti,
753 2218 803 2296 qui
820 2218 861 2280 ita
883 2218 969 2281 verba
984 2220 1060 2283 Vibii
1075 2224 1171 2285 inser.

160 2317 216 2381 titt
239 2316 335 2377 tunae
354 2314 435 2377 lacus
454 2316 685 2399 estAttamattae
698 2358 711 2385 ‚
730 2316 823 2375 tenuia
846 2319 994 2377 arctabat
1008 2318 1085 2401 ligna
1093 2341 1110 2393 ,·
1130 2343 1177 2383 cx.

164 2412 243 2496 cujus
253 2437 328 2497 aqua
343 2419 397 2479 &a
422 2418 459 2479 At
471 2410 503 2478 re
515 2415 606 2495 probe
623 2414 780 2493 perpensa,
795 2434 885 2493 quum
900 2414 964 2479 satis
980 2418 1107 2480 constare
1127 2421 1169 2482 si-

162 2516 283 2590 dentur,
304 2534 341 2577 ex
365 2516 451 2577 unico
465 2516 573 2577 Ovidio
594 2512 711 2592 sapuisse
724 2516 921 2593 Sequeiirem,
942 2517 974 2577 in
996 2516 1167 2584 sententiam

161 2612 280 2678 Heffeiii
306 2614 423 2677 transrre
454 2614 551 2691 malo,
590 2630 676 2692 atque
704 2613 743 2676 fic
771 2614 930 2692 legendum
962 2614 1059 2679 iocum
1087 2638 1168 2682 none

163 2716 286 2778 statuo:
320 2717 355 2776 Ia
363 2714 532 2777 Athamania
556 2712 636 2773 lacus
661 2711 728 2773 luna
751 2730 864 2773 tenuata
880 2712 950 2790 (vel
967 2711 1070 2793 tenera)
1091 2715 1170 2800 ligra

160 2816 289 2875 accendit
308 2818 362 2877 &a
387 2814 472 2889 Jam,
500 2812 591 2893 qualis
616 2810 664 2874 illa
698 2813 867 2875 Athamania
887 2811 1002 2888 fuerit.
1023 2816 1169 2892 inquiren·

160 2917 242 2981 dum.
281 2915 453 2977 Athamanes
485 2912 611 2977 soeceiio
630 2912 768 2991 temporis
789 2908 913 2974 ditmias
935 2914 1065 2991 regiones
1088 2917 1169 2976 ineo·

158 3014 287 3079 luerunt.
332 3012 496 3076 Perrhaebis
518 3012 600 3075 fuiffe
628 3000 739 3073 vicinos
762 3013 790 3073 ἂ
814 3011 946 3076 inDotio
962 3032 1066 3090 campo
1088 3014 1169 3075 habi-

160 3112 227 3174 taiie
244 3130 338 3191 prope
356 3110 453 3175 Oiiam
473 3112 504 3172 in
525 3112 620 3172 media
635 3112 697 3174 fere
714 3108 874 3185 Theffalia‚
898 3111 1000 3173 Strabo
1021 3112 1110 3173 fidem
1125 3112 1169 3175 fa.-

162 3212 200 3273 cit
224 3212 258 3274 L.
280 3209 336 3272 IX.
360 3230 390 3289 p.
404 3229 476 3285 442.
509 3210 679 3289 ALapithis
694 3210 724 3271 in
741 3210 847 3273 Oetam
864 3210 970 3286 ejectos
985 3210 1166 3292 Athamanes,
1246 3280 1251 3291 ι

160 3313 247 3375 docet
259 3310 339 3371 idem
358 3308 378 3377 l.
396 3330 422 3373 c.
436 3321 632 3387 majoremque
650 3308 878 3371 Perrhaeborum
895 3322 1012 3385 partem
1030 3310 1069 3371 ad
1078 3311 1166 3375 Atha·

161 3411 334 3472 maniam&
354 3408 477 3471 Pindum
497 3408 552 3469 eiie
576 3407 708 3487 elapsam.
770 3407 845 3471 Inde
876 3406 984 3471 Aetolis
1016 3411 1165 3488 proximos

162 3511 339 3573 Athamanes
362 3510 446 3587 ponit
462 3508 560 3571 Livius
580 3508 614 3573 L.
632 3504 805 3570 XXXVIII.
833 3526 860 3569 c.
880 3527 906 3569 t.
927 3506 993 3569 lmo
1008 3507 1113 3572 Plinius
1131 3511 1164 3573 L.

161 3608 209 3671 tv.
233 3628 259 3671 e.
277 3626 307 3671 2.
337 3607 510 3669 Athamanes
529 3626 619 3685 aeque
641 3626 674 3669 ac
699 3606 873 3669 Perrhaebos
893 3608 1022 3670 attribuit
1047 3607 1165 3671 Aetolis.

162 3706 298 3786 Denique
317 3706 480 3785 Stephanus
502 3706 702 3769 Athamaniam
723 3706 838 3787 Illyriae
853 3709 999 3787 regionem
1011 3707 1166 3785 praedicat,

162 3806 289 3879 scilicet,
308 3826 377 3897 ¹qua
396 3805 433 3867 ad
452 3805 593 3868 Aetoliam
612 3805 755 3893 vergebat.
779 3806 897 3871 Nam&
918 3803 1019 3869 Strabo
1039 3804 1169 3882 Epirota-

162 3928 226 3971 rum
248 3906 368 3971 ultimos
392 3917 486 3969 vocat.
507 3904 540 3967 L.
555 3902 610 3973 IX.
627 3926 655 3985 p.
677 3924 747 3985 427.
771 3905 814 3967 Ita
828 3905 869 3967 sat
889 3904 962 3966 latus
977 3902 1017 3963 est
1036 3920 1166 3979 campus,

164 4008 192 4068 in
211 4028 270 4087 quo
289 4006 386 4083 quaeri
408 4004 572 4068 Atitamtmis
591 4004 677 4087 possit
700 4004 818 4080 Ovidii,
841 4003 900 4066 five
932 4002 998 4064 fons
1015 3998 1103 4061 fuerit
1129 4014 1167 4062 er

164 4124 260 4171 mente
279 4106 432 4184 Laiiantii,
453 4102 511 4189 five
524 4102 623 4181 lanus,
646 4118 679 4167 ut
695 4102 899 4184 Vibio'piaect.
945 4097 1035 4178 Quod
1054 4098 1075 4160 ir
1094 4098 1166 4173 eot'n⁴
1269 4189 1272 4194 Ι
