<?xml version="1.0" encoding="UTF-8"?>
<!DOCTYPE html PUBLIC "-//W3C//DTD XHTML 1.0 Transitional//EN"
    "http://www.w3.org/TR/xhtml1/DTD/xhtml1-transitional.dtd">
<html xmlns="http://www.w3.org/1999/xhtml" xml:lang="en" lang="en">
 <head>
  <title>
</title>
<meta http-equiv="Content-Type" content="text/html;charset=utf-8" />
  <meta name='ocr-system' content='tesseract 3.04.00' />
  <meta name='ocr-capabilities' content='ocr_page ocr_carea ocr_par ocr_line ocrx_word'/>
</head>
<body>
  <div class='ocr_page' id='page_1' title='image "./vibiussequester00sequgoog_0027.png"; bbox 0 0 3225 5017; ppageno 0'>
   <div class='ocr_carea' id='block_1_1' title="bbox 775 465 1011 823">
    <p class='ocr_par' dir='ltr' id='par_1_1' title="bbox 775 465 1011 823">
     <span class='ocr_line' id='line_1_1' title="bbox 775 465 1011 649; baseline -0.008 2"><span class='ocrx_word' id='word_1_1' title='bbox 775 465 1011 649; x_wconf 54' lang='lat' dir='ltr'>ew.</span> 
     </span>
     <span class='ocr_line' id='line_1_2' title="bbox 853 738 943 823; baseline -0.033 0"><span class='ocrx_word' id='word_1_2' title='bbox 853 738 943 823; x_wconf 92' lang='lat' dir='ltr'>IV.</span> 
     </span>
    </p>
   </div>
   <div class='ocr_carea' id='block_1_2' title="bbox 600 929 1199 1049">
    <p class='ocr_par' dir='ltr' id='par_1_2' title="bbox 600 929 1199 1049">
     <span class='ocr_line' id='line_1_3' title="bbox 600 929 1199 1049; baseline -0.005 -29"><span class='ocrx_word' id='word_1_3' title='bbox 600 935 670 1021; x_wconf 89' lang='lat' dir='ltr'>De</span> <span class='ocrx_word' id='word_1_4' title='bbox 697 934 767 1019; x_wconf 82' lang='lat' dir='ltr'>stoc</span> <span class='ocrx_word' id='word_1_5' title='bbox 794 930 985 1049; x_wconf 80' lang='lat' dir='ltr'><em>praesenti</em></span> <span class='ocrx_word' id='word_1_6' title='bbox 1022 929 1199 1017; x_wconf 80' lang='lat' dir='ltr'>editione.</span> 
     </span>
    </p>
   </div>
   <div class='ocr_carea' id='block_1_3' title="bbox 407 1152 1399 1365">
    <p class='ocr_par' dir='ltr' id='par_1_3' title="bbox 407 1152 1399 1365">
     <span class='ocr_line' id='line_1_4' title="bbox 407 1152 1399 1250; baseline -0.008 -11"><span class='ocrx_word' id='word_1_7' title='bbox 407 1170 410 1181; x_wconf 87' lang='lat'>&#39;</span> <span class='ocrx_word' id='word_1_8' title='bbox 494 1184 656 1238; x_wconf 71' lang='lat' dir='ltr'>ussurus</span> <span class='ocrx_word' id='word_1_9' title='bbox 672 1162 711 1232; x_wconf 90' lang='lat' dir='ltr'>in</span> <span class='ocrx_word' id='word_1_10' title='bbox 730 1156 794 1231; x_wconf 88' lang='lat' dir='ltr'>hac</span> <span class='ocrx_word' id='word_1_11' title='bbox 814 1180 890 1230; x_wconf 87' lang='lat' dir='ltr'>mea</span> <span class='ocrx_word' id='word_1_12' title='bbox 914 1155 1054 1227; x_wconf 85' lang='lat' dir='ltr'>demum</span> <span class='ocrx_word' id='word_1_13' title='bbox 1075 1156 1185 1249; x_wconf 90' lang='lat' dir='ltr'>opella</span> <span class='ocrx_word' id='word_1_14' title='bbox 1204 1152 1276 1249; x_wconf 86' lang='lat' dir='ltr'>ipse</span> <span class='ocrx_word' id='word_1_15' title='bbox 1302 1177 1399 1250; x_wconf 74' lang='lat' dir='ltr'>prae⁴</span> 
     </span>
     <span class='ocr_line' id='line_1_5' title="bbox 511 1273 984 1365; baseline -0.017 -16"><span class='ocrx_word' id='word_1_16' title='bbox 511 1278 673 1356; x_wconf 86' lang='lat' dir='ltr'>stiterim,</span> <span class='ocrx_word' id='word_1_17' title='bbox 690 1273 807 1365; x_wconf 80' lang='lat' dir='ltr'>paucis</span> <span class='ocrx_word' id='word_1_18' title='bbox 831 1273 984 1363; x_wconf 87' lang='lat' dir='ltr'>eloquar.</span> 
     </span>
    </p>
   </div>
   <div class='ocr_carea' id='block_1_4' title="bbox 403 1450 1401 1663">
    <p class='ocr_par' dir='ltr' id='par_1_4' title="bbox 403 1450 1401 1663">
     <span class='ocr_line' id='line_1_6' title="bbox 414 1450 1401 1541; baseline -0.012 -5"><span class='ocrx_word' id='word_1_19' title='bbox 414 1460 419 1472; x_wconf 89' lang='grc'><strong>’</strong></span> <span class='ocrx_word' id='word_1_20' title='bbox 449 1459 625 1536; x_wconf 71' lang='lat' dir='ltr'>Leiiionis</span> <span class='ocrx_word' id='word_1_21' title='bbox 644 1457 847 1528; x_wconf 87' lang='lat' dir='ltr'>varietatem</span> <span class='ocrx_word' id='word_1_22' title='bbox 873 1450 915 1521; x_wconf 91' lang='lat' dir='ltr'>ab</span> <span class='ocrx_word' id='word_1_23' title='bbox 941 1452 1174 1541; x_wconf 84' lang='lat' dir='ltr'>interpretum</span> <span class='ocrx_word' id='word_1_24' title='bbox 1200 1451 1401 1525; x_wconf 79' lang='lat' dir='ltr'>&#39;adnotatio-</span> 
     </span>
     <span class='ocr_line' id='line_1_7' title="bbox 403 1560 1284 1663; baseline -0.02 -14"><span class='ocrx_word' id='word_1_25' title='bbox 403 1577 509 1649; x_wconf 80' lang='lat' dir='ltr'><strong>nibus</strong></span> <span class='ocrx_word' id='word_1_26' title='bbox 539 1591 643 1663; x_wconf 85' lang='lat' dir='ltr'>atque</span> <span class='ocrx_word' id='word_1_27' title='bbox 673 1568 883 1662; x_wconf 65' lang='lat' dir='ltr'>conjesiuris</span> <span class='ocrx_word' id='word_1_28' title='bbox 905 1560 1153 1657; x_wconf 83' lang='lat' dir='ltr'>sejungendam</span> <span class='ocrx_word' id='word_1_29' title='bbox 1189 1564 1284 1637; x_wconf 83' lang='lat' dir='ltr'>duxi.</span> 
     </span>
    </p>
   </div>
   <div class='ocr_carea' id='block_1_5' title="bbox 303 1741 1532 2528">
    <p class='ocr_par' dir='ltr' id='par_1_5' title="bbox 303 1741 1532 2528">
     <span class='ocr_line' id='line_1_8' title="bbox 452 1741 1406 1845; baseline -0.008 -17"><span class='ocrx_word' id='word_1_30' title='bbox 452 1758 576 1845; x_wconf 85' lang='lat' dir='ltr'>Itaque</span> <span class='ocrx_word' id='word_1_31' title='bbox 598 1749 700 1821; x_wconf 87' lang='lat' dir='ltr'>Vibii</span> <span class='ocrx_word' id='word_1_32' title='bbox 736 1744 902 1840; x_wconf 90' lang='lat' dir='ltr'>opusculo</span> <span class='ocrx_word' id='word_1_33' title='bbox 928 1741 1019 1838; x_wconf 78' lang='lat' dir='ltr'>ipsi,</span> <span class='ocrx_word' id='word_1_34' title='bbox 1046 1762 1217 1837; x_wconf 87' lang='lat' dir='ltr'>quantum</span> <span class='ocrx_word' id='word_1_35' title='bbox 1240 1744 1319 1820; x_wconf 88' lang='lat' dir='ltr'>fieri</span> <span class='ocrx_word' id='word_1_36' title='bbox 1343 1774 1406 1841; x_wconf 85' lang='lat' dir='ltr'>po·</span> 
     </span>
     <span class='ocr_line' id='line_1_9' title="bbox 303 1853 1532 1952; baseline -0.007 -10"><span class='ocrx_word' id='word_1_37' title='bbox 303 1882 310 1899; x_wconf 73' lang='lat'>⁸</span> <span class='ocrx_word' id='word_1_38' title='bbox 403 1875 475 1947; x_wconf 87' lang='lat' dir='ltr'>tuit</span> <span class='ocrx_word' id='word_1_39' title='bbox 502 1864 680 1939; x_wconf 88' lang='lat' dir='ltr'>emendate</span> <span class='ocrx_word' id='word_1_40' title='bbox 711 1859 869 1941; x_wconf 81' lang='lat' dir='ltr'>excuso,</span> <span class='ocrx_word' id='word_1_41' title='bbox 905 1882 993 1952; x_wconf 86' lang='lat' dir='ltr'>quae</span> <span class='ocrx_word' id='word_1_42' title='bbox 1034 1854 1259 1951; x_wconf 81' lang='lat' dir='ltr'>discrepantia</span> <span class='ocrx_word' id='word_1_43' title='bbox 1295 1863 1403 1934; x_wconf 87' lang='lat' dir='ltr'>verba</span> <span class='ocrx_word' id='word_1_44' title='bbox 1528 1853 1532 1873; x_wconf 67' lang='lat'><strong>⁴</strong></span> 
     </span>
     <span class='ocr_line' id='line_1_10' title="bbox 408 1973 1532 2075; baseline -0.004 -24"><span class='ocrx_word' id='word_1_45' title='bbox 408 2008 452 2057; x_wconf 83' lang='lat' dir='ltr'>ex</span> <span class='ocrx_word' id='word_1_46' title='bbox 479 1981 640 2051; x_wconf 77' lang='lat' dir='ltr'>codicibus</span> <span class='ocrx_word' id='word_1_47' title='bbox 656 1978 751 2051; x_wconf 76' lang='lat' dir='ltr'>Revii</span> <span class='ocrx_word' id='word_1_48' title='bbox 774 1975 1014 2047; x_wconf 79' lang='lat' dir='ltr'>&amp;Relandi&amp;</span> <span class='ocrx_word' id='word_1_49' title='bbox 1040 1974 1235 2075; x_wconf 79' lang='lat' dir='ltr'>Heinfianat</span> <span class='ocrx_word' id='word_1_50' title='bbox 1258 1982 1406 2048; x_wconf 85' lang='lat' dir='ltr'>collatio-</span> <span class='ocrx_word' id='word_1_51' title='bbox 1531 1973 1532 2020; x_wconf 65' lang='lat'><em>³</em></span> 
     </span>
     <span class='ocr_line' id='line_1_11' title="bbox 406 2090 1527 2189; baseline -0.005 -23"><span class='ocrx_word' id='word_1_52' title='bbox 406 2098 462 2166; x_wconf 77' lang='lat' dir='ltr'>nis</span> <span class='ocrx_word' id='word_1_53' title='bbox 500 2092 705 2189; x_wconf 77' lang='lat' dir='ltr'>apographo,</span> <span class='ocrx_word' id='word_1_54' title='bbox 746 2093 901 2179; x_wconf 84' lang='lat' dir='ltr'>itemque</span> <span class='ocrx_word' id='word_1_55' title='bbox 924 2113 967 2159; x_wconf 84' lang='lat' dir='ltr'>ex</span> <span class='ocrx_word' id='word_1_56' title='bbox 997 2090 1135 2159; x_wconf 77' lang='lat' dir='ltr'>editione</span> <span class='ocrx_word' id='word_1_57' title='bbox 1160 2092 1406 2167; x_wconf 81' lang='lat' dir='ltr'>Florentino&amp;</span> <span class='ocrx_word' id='word_1_58' title='bbox 1524 2144 1527 2151; x_wconf 84' lang='lat'><em>.</em></span> 
     </span>
     <span class='ocr_line' id='line_1_12' title="bbox 409 2199 1403 2303; baseline -0.002 -24"><span class='ocrx_word' id='word_1_59' title='bbox 409 2211 569 2303; x_wconf 75' lang='lat' dir='ltr'>Tolostzna</span> <span class='ocrx_word' id='word_1_60' title='bbox 611 2221 748 2277; x_wconf 85' lang='lat' dir='ltr'>notarat</span> <span class='ocrx_word' id='word_1_61' title='bbox 771 2199 969 2283; x_wconf 86' lang='lat' dir='ltr'>Helselius,</span> <span class='ocrx_word' id='word_1_62' title='bbox 1015 2202 1130 2273; x_wconf 86' lang='lat' dir='ltr'>adlevi</span> <span class='ocrx_word' id='word_1_63' title='bbox 1158 2208 1196 2275; x_wconf 91' lang='lat' dir='ltr'>in</span> <span class='ocrx_word' id='word_1_64' title='bbox 1227 2209 1403 2299; x_wconf 85' lang='lat' dir='ltr'>margine,</span> 
     </span>
     <span class='ocr_line' id='line_1_13' title="bbox 409 2315 1407 2417; baseline -0.015 -21"><span class='ocrx_word' id='word_1_65' title='bbox 409 2324 550 2416; x_wconf 67' lang='lat' dir='ltr'>adjeslis</span> <span class='ocrx_word' id='word_1_66' title='bbox 577 2323 701 2399; x_wconf 74' lang='lat' dir='ltr'>uiis,</span> <span class='ocrx_word' id='word_1_67' title='bbox 740 2341 828 2411; x_wconf 90' lang='lat' dir='ltr'>quae</span> <span class='ocrx_word' id='word_1_68' title='bbox 862 2319 901 2387; x_wconf 90' lang='lat' dir='ltr'>in</span> <span class='ocrx_word' id='word_1_69' title='bbox 924 2315 1061 2386; x_wconf 90' lang='lat' dir='ltr'>duobus</span> <span class='ocrx_word' id='word_1_70' title='bbox 1096 2316 1255 2417; x_wconf 76' lang='lat' dir='ltr'>Parifinis</span> <span class='ocrx_word' id='word_1_71' title='bbox 1280 2320 1407 2393; x_wconf 75' lang='lat' dir='ltr'>codici.</span> 
     </span>
     <span class='ocr_line' id='line_1_14' title="bbox 410 2421 1232 2528; baseline -0.009 -17"><span class='ocrx_word' id='word_1_72' title='bbox 410 2439 477 2511; x_wconf 90' lang='lat' dir='ltr'>bus</span> <span class='ocrx_word' id='word_1_73' title='bbox 503 2456 607 2526; x_wconf 90' lang='lat' dir='ltr'>atque</span> <span class='ocrx_word' id='word_1_74' title='bbox 628 2428 866 2528; x_wconf 80' lang='lat' dir='ltr'>Mediolanenst</span> <span class='ocrx_word' id='word_1_75' title='bbox 885 2421 1023 2501; x_wconf 88' lang='lat' dir='ltr'>differre</span> <span class='ocrx_word' id='word_1_76' title='bbox 1049 2425 1131 2502; x_wconf 91' lang='lat' dir='ltr'>sunt</span> <span class='ocrx_word' id='word_1_77' title='bbox 1150 2428 1232 2504; x_wconf 88' lang='lat' dir='ltr'>visa.</span> 
     </span>
    </p>
   </div>
   <div class='ocr_carea' id='block_1_6' title="bbox 446 2623 1402 2722">
    <p class='ocr_par' dir='ltr' id='par_1_6' title="bbox 446 2623 1402 2722">
     <span class='ocr_line' id='line_1_15' title="bbox 446 2623 1402 2722; baseline -0.002 -16"><span class='ocrx_word' id='word_1_78' title='bbox 446 2623 518 2707; x_wconf 81' lang='lat' dir='ltr'>&#39;sic</span> <span class='ocrx_word' id='word_1_79' title='bbox 544 2650 635 2722; x_wconf 84' lang='lat' dir='ltr'>ergo</span> <span class='ocrx_word' id='word_1_80' title='bbox 649 2623 709 2703; x_wconf 85' lang='lat' dir='ltr'>sex</span> <span class='ocrx_word' id='word_1_81' title='bbox 733 2627 892 2699; x_wconf 84' lang='lat' dir='ltr'>codicum</span> <span class='ocrx_word' id='word_1_82' title='bbox 918 2623 1073 2720; x_wconf 89' lang='lat' dir='ltr'>adspersa</span> <span class='ocrx_word' id='word_1_83' title='bbox 1092 2624 1175 2701; x_wconf 87' lang='lat' dir='ltr'>sunt</span> <span class='ocrx_word' id='word_1_84' title='bbox 1195 2626 1402 2715; x_wconf 81' lang='lat' dir='ltr'>discrimina.</span> 
     </span>
    </p>
   </div>
   <div class='ocr_carea' id='block_1_7' title="bbox 413 2821 1409 3499">
    <p class='ocr_par' dir='ltr' id='par_1_7' title="bbox 413 2821 1409 3499">
     <span class='ocr_line' id='line_1_16' title="bbox 461 2821 1408 2920; baseline 0.004 -24"><span class='ocrx_word' id='word_1_85' title='bbox 461 2821 651 2905; x_wconf 75' lang='lat' dir='ltr'>Parisinus,</span> <span class='ocrx_word' id='word_1_86' title='bbox 675 2825 865 2914; x_wconf 88' lang='lat' dir='ltr'>quoruml.</span> <span class='ocrx_word' id='word_1_87' title='bbox 890 2822 937 2895; x_wconf 88' lang='lat' dir='ltr'>est</span> <span class='ocrx_word' id='word_1_88' title='bbox 955 2847 990 2901; x_wconf 91' lang='lat' dir='ltr'>n.</span> <span class='ocrx_word' id='word_1_89' title='bbox 1021 2834 1129 2914; x_wconf 89' lang='lat'><strong>4808.</strong></span> <span class='ocrx_word' id='word_1_90' title='bbox 1160 2826 1204 2902; x_wconf 92' lang='lat' dir='ltr'>ll.</span> <span class='ocrx_word' id='word_1_91' title='bbox 1233 2852 1268 2898; x_wconf 90' lang='lat' dir='ltr'>n.</span> <span class='ocrx_word' id='word_1_92' title='bbox 1301 2839 1408 2920; x_wconf 84' lang='lat'>8413.</span> 
     </span>
     <span class='ocr_line' id='line_1_17' title="bbox 413 2926 1408 3032; baseline 0.008 -23"><span class='ocrx_word' id='word_1_93' title='bbox 413 2926 456 3009; x_wconf 90' lang='lat' dir='ltr'>in</span> <span class='ocrx_word' id='word_1_94' title='bbox 481 2934 585 3009; x_wconf 91' lang='lat' dir='ltr'>usum</span> <span class='ocrx_word' id='word_1_95' title='bbox 608 2953 723 3006; x_wconf 87' lang='lat' dir='ltr'>meum</span> <span class='ocrx_word' id='word_1_96' title='bbox 752 2956 832 3009; x_wconf 89' lang='lat' dir='ltr'>ante</span> <span class='ocrx_word' id='word_1_97' title='bbox 868 2938 935 3009; x_wconf 88' lang='lat' dir='ltr'>hoc</span> <span class='ocrx_word' id='word_1_98' title='bbox 966 2940 1159 3009; x_wconf 90' lang='lat' dir='ltr'>triennium</span> <span class='ocrx_word' id='word_1_99' title='bbox 1184 2943 1408 3032; x_wconf 85' lang='lat' dir='ltr'>promtiffima</span> 
     </span>
     <span class='ocr_line' id='line_1_18' title="bbox 414 3047 1409 3129; baseline 0.007 -6"><span class='ocrx_word' id='word_1_100' title='bbox 414 3053 595 3124; x_wconf 87' lang='lat' dir='ltr'>voluntate</span> <span class='ocrx_word' id='word_1_101' title='bbox 630 3052 780 3123; x_wconf 89' lang='lat' dir='ltr'>contulit</span> <span class='ocrx_word' id='word_1_102' title='bbox 821 3076 901 3122; x_wconf 91' lang='lat' dir='ltr'>cum</span> <span class='ocrx_word' id='word_1_103' title='bbox 932 3047 1124 3123; x_wconf 88' lang='lat' dir='ltr'>Helseliana</span> <span class='ocrx_word' id='word_1_104' title='bbox 1165 3054 1317 3127; x_wconf 82' lang='lat' dir='ltr'>editione</span> <span class='ocrx_word' id='word_1_105' title='bbox 1352 3060 1409 3129; x_wconf 87' lang='lat' dir='ltr'>vit</span> 
     </span>
     <span class='ocr_line' id='line_1_19' title="bbox 417 3162 1409 3259; baseline 0.005 -21"><span class='ocrx_word' id='word_1_106' title='bbox 417 3164 630 3238; x_wconf 74' lang='lat' dir='ltr'>Clarissimus</span> <span class='ocrx_word' id='word_1_107' title='bbox 657 3186 761 3259; x_wconf 87' lang='lat' dir='ltr'>atque</span> <span class='ocrx_word' id='word_1_108' title='bbox 791 3162 1034 3239; x_wconf 87' lang='lat' dir='ltr'>Nobiliffimus</span> <span class='ocrx_word' id='word_1_109' title='bbox 1060 3164 1228 3242; x_wconf 67' lang='lat' dir='ltr'>neumis</span> <span class='ocrx_word' id='word_1_110' title='bbox 1260 3191 1409 3245; x_wconf 78' lang='lat' dir='ltr'>cunuuu</span> 
     </span>
     <span class='ocr_line' id='line_1_20' title="bbox 417 3277 1409 3384; baseline 0.004 -31"><span class='ocrx_word' id='word_1_111' title='bbox 417 3302 538 3353; x_wconf 72' lang='lat' dir='ltr'>simu</span> <span class='ocrx_word' id='word_1_112' title='bbox 577 3300 625 3354; x_wconf 82' lang='lat' dir='ltr'>us</span> <span class='ocrx_word' id='word_1_113' title='bbox 645 3288 646 3294; x_wconf 69' lang='lat'>‘</span> <span class='ocrx_word' id='word_1_114' title='bbox 665 3300 713 3353; x_wconf 77' lang='lat' dir='ltr'>rs</span> <span class='ocrx_word' id='word_1_115' title='bbox 741 3299 1026 3360; x_wconf 72' lang='lat' dir='ltr'>ossucusms,</span> <span class='ocrx_word' id='word_1_116' title='bbox 1063 3282 1122 3351; x_wconf 89' lang='lat' dir='ltr'>cui</span> <span class='ocrx_word' id='word_1_117' title='bbox 1162 3277 1229 3352; x_wconf 90' lang='lat' dir='ltr'>hoc</span> <span class='ocrx_word' id='word_1_118' title='bbox 1266 3288 1409 3384; x_wconf 77' lang='lat' dir='ltr'>nomine</span> 
     </span>
     <span class='ocr_line' id='line_1_21' title="bbox 417 3390 1153 3499; baseline 0.003 -36"><span class='ocrx_word' id='word_1_119' title='bbox 417 3390 624 3486; x_wconf 85' lang='lat' dir='ltr'>magnopere</span> <span class='ocrx_word' id='word_1_120' title='bbox 654 3416 708 3463; x_wconf 89' lang='lat' dir='ltr'>me</span> <span class='ocrx_word' id='word_1_121' title='bbox 742 3392 945 3499; x_wconf 60' lang='lat' dir='ltr'>obstriitum</span> <span class='ocrx_word' id='word_1_122' title='bbox 974 3391 1153 3486; x_wconf 88' lang='lat' dir='ltr'>profiteor.</span> 
     </span>
    </p>
   </div>
   <div class='ocr_carea' id='block_1_8' title="bbox 418 3569 1417 4125">
    <p class='ocr_par' dir='ltr' id='par_1_8' title="bbox 418 3569 1417 4125">
     <span class='ocr_line' id='line_1_22' title="bbox 435 3569 1412 3651; baseline 0.008 -8"><span class='ocrx_word' id='word_1_123' title='bbox 435 3631 437 3643; x_wconf 93' lang='lat'><em>.</em></span> <span class='ocrx_word' id='word_1_124' title='bbox 466 3569 760 3645; x_wconf 83' lang='lat' dir='ltr'>Mediolanensem</span> <span class='ocrx_word' id='word_1_125' title='bbox 785 3573 1074 3647; x_wconf 74' lang='lat' dir='ltr'>codicem-mun.</span> <span class='ocrx_word' id='word_1_126' title='bbox 1098 3596 1298 3650; x_wconf 73' lang='lat' dir='ltr'>sueonos.</span> <span class='ocrx_word' id='word_1_127' title='bbox 1315 3600 1412 3651; x_wconf 77' lang='lat' dir='ltr'>uuo·</span> 
     </span>
     <span class='ocr_line' id='line_1_23' title="bbox 418 3683 1412 3781; baseline 0.002 -22"><span class='ocrx_word' id='word_1_128' title='bbox 418 3704 563 3759; x_wconf 78' lang='lat' dir='ltr'>Nouius</span> <span class='ocrx_word' id='word_1_129' title='bbox 603 3686 687 3757; x_wconf 91' lang='lat' dir='ltr'>olim</span> <span class='ocrx_word' id='word_1_130' title='bbox 706 3683 935 3765; x_wconf 74' lang='lat' dir='ltr'>excusserats</span> <span class='ocrx_word' id='word_1_131' title='bbox 973 3688 1075 3781; x_wconf 87' lang='lat' dir='ltr'>cujus</span> <span class='ocrx_word' id='word_1_132' title='bbox 1110 3690 1343 3763; x_wconf 87' lang='lat' dir='ltr'>animadversa</span> <span class='ocrx_word' id='word_1_133' title='bbox 1373 3696 1412 3762; x_wconf 93' lang='lat' dir='ltr'>in</span> 
     </span>
     <span class='ocr_line' id='line_1_24' title="bbox 420 3797 1414 3893; baseline 0.002 -20"><span class='ocrx_word' id='word_1_134' title='bbox 420 3802 528 3877; x_wconf 80' lang='lat' dir='ltr'>variis</span> <span class='ocrx_word' id='word_1_135' title='bbox 547 3797 795 3892; x_wconf 83' lang='lat' dir='ltr'>Geographicis</span> <span class='ocrx_word' id='word_1_136' title='bbox 826 3800 937 3893; x_wconf 86' lang='lat' dir='ltr'>Lugd.</span> <span class='ocrx_word' id='word_1_137' title='bbox 964 3802 1035 3872; x_wconf 82' lang='lat' dir='ltr'>Bae.</span> <span class='ocrx_word' id='word_1_138' title='bbox 1056 3825 1085 3873; x_wconf 87' lang='lat' dir='ltr'>a.</span> <span class='ocrx_word' id='word_1_139' title='bbox 1117 3820 1221 3890; x_wconf 81' lang='lat'><em>1739.</em></span> <span class='ocrx_word' id='word_1_140' title='bbox 1249 3802 1359 3875; x_wconf 87' lang='lat' dir='ltr'>forma</span> <span class='ocrx_word' id='word_1_141' title='bbox 1380 3815 1414 3887; x_wconf 89' lang='lat'>8.</span> 
     </span>
     <span class='ocr_line' id='line_1_25' title="bbox 421 3908 1417 4009; baseline 0.006 -25"><span class='ocrx_word' id='word_1_142' title='bbox 421 3912 554 4009; x_wconf 87' lang='lat' dir='ltr'>publici</span> <span class='ocrx_word' id='word_1_143' title='bbox 584 3912 673 4008; x_wconf 88' lang='lat' dir='ltr'>juris</span> <span class='ocrx_word' id='word_1_144' title='bbox 700 3908 782 3984; x_wconf 86' lang='lat' dir='ltr'>fecit</span> <span class='ocrx_word' id='word_1_145' title='bbox 821 3913 904 3993; x_wconf 81' lang='lat' dir='ltr'>Abs.</span> <span class='ocrx_word' id='word_1_146' title='bbox 935 3914 1150 3988; x_wconf 88' lang='lat' dir='ltr'>Gronovius.</span> <span class='ocrx_word' id='word_1_147' title='bbox 1226 3922 1342 4007; x_wconf 77' lang='lat' dir='ltr'>Qtem</span> <span class='ocrx_word' id='word_1_148' title='bbox 1375 3921 1417 3990; x_wconf 92' lang='lat' dir='ltr'>li-</span> 
     </span>
     <span class='ocr_line' id='line_1_26' title="bbox 419 4024 1416 4125; baseline 0.001 -27"><span class='ocrx_word' id='word_1_149' title='bbox 419 4028 552 4101; x_wconf 58' lang='lat' dir='ltr'>›bellum</span> <span class='ocrx_word' id='word_1_150' title='bbox 588 4052 664 4125; x_wconf 66' lang='lat' dir='ltr'>pro⁴</span> <span class='ocrx_word' id='word_1_151' title='bbox 691 4024 854 4101; x_wconf 83' lang='lat' dir='ltr'>consueta</span> <span class='ocrx_word' id='word_1_152' title='bbox 893 4025 954 4102; x_wconf 90' lang='lat' dir='ltr'>sua</span> <span class='ocrx_word' id='word_1_153' title='bbox 995 4028 1210 4103; x_wconf 77' lang='lat' dir='ltr'>humanitate</span> <span class='ocrx_word' id='word_1_154' title='bbox 1245 4032 1416 4104; x_wconf 87' lang='lat' dir='ltr'>utendum</span> 
     </span>
    </p>
   </div>
   <div class='ocr_carea' id='block_1_9' title="bbox 0 0 1644 5017">
    <p class='ocr_par' dir='ltr' id='par_1_9' title="bbox 0 0 1644 5017">
     <span class='ocr_line' id='line_1_27' title="bbox 0 0 1644 5017; baseline 0 0"><span class='ocrx_word' id='word_1_155' title='bbox 0 0 1644 5017; x_wconf 95' lang='lat' dir='ltr'> </span> 
     </span>
    </p>
   </div>
  </div>
 </body>
</html>
