3225 5017
493 512 554 573 AD
629 502 840 575 Fou'TES.
1075 505 1167 609 '¹225

177 669 275 739 soter.
320 673 448 751 Uterque
472 670 687 751 distinguendus
701 672 738 735 ab
759 672 817 735 alio
842 673 1009 753 Hemoniae,
1032 680 1081 758 qui
1102 682 1173 745 inci.

174 778 216 838 tiit
232 777 263 836 in
285 773 425 837 Tiberim.
469 772 525 834 Hic
541 772 628 833 hodie
647 772 752 832 Chiona
773 771 929 849 salutatur,
945 774 994 838 ille
1015 778 1118 839 Glanio
1142 802 1170 844 v.

174 874 287 959 lagno,
312 873 362 961 ista
385 871 545 954 Garigliano
566 871 653 933 audit.
698 871 737 939 O.

573 1034 769 1123 Castalius

214 1234 375 1299 Canentem
395 1220 494 1297 audito
517 1234 637 1299 Statium
655 1222 749 1296 Theb.
774 1233 806 1297 L.
825 1232 850 1299 Ι.
871 1255 898 1299 r.
920 1243 989 1311 562.

298 1336 441 1417 Postquam
468 1332 582 1393 caerulei
592 1331 702 1413 sinuosa
730 1332 868 1393 oolurnina
898 1334 1002 1417 monstri

302 1428 467 1515 Terrigenarn
496 1432 624 1513 Pythona
644 1434 725 1492 Deus
736 1426 837 1513 septem
856 1434 963 1493 orbibus
981 1432 1051 1495 atris
1096 1485 1101 1490 ,

300 1531 462 1613 Amplexus
483 1530 627 1611 Delphos,
647 1525 821 1612 squamisque
838 1528 940 1606 annosa
962 1550 1084 1593 terentem

304 1632 428 1703 Robora,
454 1629 578 1711 Castaliis
600 1634 662 1689 aon
677 1624 802 1707 flantibus
827 1651 870 1690 ore
895 1624 1006 1704 trisulco

301 1723 391 1804 Fusus
409 1729 486 1797 hiat,
509 1728 584 1810 nigro
598 1728 693 1806 fitiens
715 1728 845 1787 alimenta
870 1750 988 1804 veneno,

301 1824 445 1901 Perculit,
465 1820 596 1901 absumtis
615 1819 751 1900 nuneerofh
775 1826 804 1887 in
820 1826 932 1887 vulnera
951 1822 1013 1887 telis
1035 1873 1044 1891 .
1066 1875 1077 1897 .

171 1954 218 2017 'hia
238 1950 366 2014 vernaus
380 1948 539 2013 aemulatus
555 1947 595 2011 est
614 1948 773 2026 Ovidium,
798 1950 849 2028 qui
863 1963 980 2015 metam
996 1953 1029 2017 l..
1050 1952 1075 2017 L
1101 1953 1171 2018 vers.

177 2054 247 2130 4'41.
276 2052 314 2114 stc
333 2052 431 2125 caniet
1131 2076 1136 2085 ⁴

300 2152 382 2212 Hunc
400 2150 480 2211 Deus
500 2144 666 2222 arcitenens,
691 2144 877 2226 &nunquam
892 2144 994 2205 adibus
1011 2145 1094 2206 arrnis

304 2250 400 2324 Ante,
423 2246 475 2327 nifi
486 2246 514 2307 in
528 2246 616 2305 danais
638 2239 790 2327 capreisque
801 2241 972 2327 sagacibus,
988 2238 1075 2321 usses,

299 2345 388 2409 Mille
409 2366 519 2430 graoem
536 2344 615 2420 allis,
636 2343 765 2425 exhausta
780 2364 870 2427 'paene
893 2344 1046 2425 pharetra,
1178 2388 1183 2400 ,

300 2444 446 2520 Perdidit,
470 2438 554 2523 effuso
569 2464 621 2521 per
636 2442 749 2504 vulnera
772 2441 852 2525 nigra
872 2463 979 2503 veneno.

179 2556 210 2609 ut
233 2544 292 2609 illis
316 2544 445 2621 ejusdam
466 2542 498 2606 L.
519 2542 544 2608 1.
563 2541 634 2607 vers.
651 2549 720 2618 696.

300 2642 406 2704 Phoebe
422 2660 540 2723 parens,
557 2634 607 2716 fio
627 2658 653 2699 ee
673 2640 776 2721 lyciae
798 2640 939 2701 Pararaea
955 2637 1052 2719 nioofir
1180 2674 1184 2684 ·

303 2740 439 2801 Exercent
464 2741 571 2799 durneto
585 2736 684 2822 jugis,
699 2733 749 2814 seu
770 2762 827 2802 rore
843 2740 947 2822 pudico
1003 2763 1005 2770 ·

306 2828 440 2917 Castaliae
458 2837 552 2915 flavos
570 2838 692 2920 arnoreJl
714 2837 764 2899 ribi
785 2860 896 2922 mergere
924 2838 1030 2915 ermes,
1057 2821 1059 2834 Ι

302 2936 359 2995 Seu
377 2931 481 3015 Trojarn
505 2935 689 3015 Thymbraeus
712 2937 823 3010 labes3
851 2980 861 3001 .
884 2982 893 3001 .
916 2983 925 2999 .

180 3049 251 3126 illis,
269 3050 406 3128 inquam,
428 3049 532 3111 Statius
554 3049 713 3113 aemulatur
730 3051 770 3113 est
789 3052 965 3132 Horatium
993 3053 1043 3131 qui
1073 3052 1106 3122 L.
1120 3051 1172 3117 ΠΙ.
1259 3055 1263 3064 ’

181 3150 235 3211 oda
250 3170 280 3226 4.
305 3147 376 3210 vers.
395 3155 443 3210 61.
466 3147 504 3211 stc
522 3148 615 3211 uenit:

346 3246 405 3326 Qui
426 3268 482 3307 rore
498 3268 567 3330 paro
588 3242 723 3329 collaliae
753 3246 827 3309 lavit

348 3346 437 3405 Orines
461 3341 586 3422 salutm
623 3344 670 3426 qiti
698 3346 801 3427 Lyciae
825 3352 895 3406 tene't

258 3504 260 3509 .
322 3492 325 3497 -
385 3446 529 3519 Dumna,
558 3444 725 3525 natalemque
750 3442 870 3523 filesta,
937 3489 941 3498 .

326 3574 329 3577 ·
429 3541 550 3617 Delius,
574 3542 601 3603 θ’
626 3543 761 3603 Patareus
788 3542 901 3625 Apollo.
980 3568 988 3585 ·

183 3666 277 3729 Unam
297 3662 520 3727 aemulationem
539 3684 645 3737 nemo,
670 3666 747 3743 quod
762 3666 867 3738 sciam,
897 3667 1037 3746 interpres
1061 3666 1180 3750 adnota-

183 3766 249 3841 vit3
271 3754 389 3827 alteram
408 3778 505 3827 autent
526 3766 621 3826 Acron
640 3766 667 3825 ἃ
687 3750 869 3845 Ctuquiaaus¹
890 3778 1053 3827 enarrator:
1086 3762 1135 3823 sed
1148 3763 1180 3822 in

190 3863 334 3940 utriusque
350 3864 560 3924 commentariis
579 3862 670 3925 mutili
702 3865 811 3927 cultant
841 3848 926 3941 atque
950 3863 1063 3923 hiantes
1084 3858 1180 3922 versut
1223 3898 1231 3917 ,

183 3958 301 4037 Papinii.
344 3962 388 4023 De
402 3960 530 4038 reliquo,
557 3961 576 4021 sr
604 3961 737 4043 callainis
760 3963 894 4036 dicatur,
922 3959 1039 4036 requirit
1065 3974 1099 4019 ea
1121 3974 1180 4020 vox

184 4075 289 4120 vocem
299 4055 374 4138 fons.
417 4060 518 4137 ltaque
536 4061 612 4138 apud
635 4062 772 4125 Senecam
790 4060 865 4122 Oed.
890 4057 960 4122 vers.
986 4070 1053 4131 227,

315 4166 425 4229 Gemina
439 4166 683 4250 ¹Parnaffi'nioalis
702 4190 755 4227 arx
775 4185 874 4227 trucem
889 4162 1007 4242 fhnitunr
1026 4162 1120 4236 dedit,⁴

726 4274 747 4337 P
