3225 5017
461 485 533 545 tn
592 459 852 544 rtumrun'
1078 497 1151 582 ¹55

182 646 243 709 nale
255 641 380 706 Floridue
399 640 518 704 Sabinus
530 640 554 704 l.
580 641 658 706 tert.
679 641 766 705 Subc.
784 661 849 721 cap.
872 645 902 708 ⁶.
929 661 963 708 ae
987 645 1081 723 primo
1097 649 1161 727 qui·

180 745 234 805 den
251 742 322 802 Vibii
338 742 534 803 auctoritatem
553 740 603 804 hic
631 740 726 804 ualere
751 761 813 803 non
832 740 938 804 debere
965 743 1053 820 dicit,
1091 765 1160 812 eunt

175 845 207 906 de
224 843 300 904 Oaxe
320 840 422 902 fluvius
441 839 545 904 Cretae
560 839 608 902 alii
624 859 725 902 omnes
746 839 902 919 geographi
928 839 1044 918 sileant,
1080 846 1160 924 quod

176 961 218 1002 eos
231 941 351 1004 bsturus
370 937 451 1000 fuisse
466 957 526 999 non
541 937 679 1019 credibile
699 938 753 1012 lit,
776 938 797 999 li
813 939 838 999 is
853 937 893 998 ibi
907 937 1020 1014 fuisset,
1043 957 1161 1020 propter

174 1039 238 1100 illius
248 1036 354 1099 insulae
379 1036 585 1100 celebritatem.
626 1037 715 1114 Quod
734 1049 832 1099 autem
850 1035 1003 1100 Politianus
1017 1039 1053 1102 ab
1075 1045 1158 1104 Oaxo

175 1136 233 1197 fluv.
246 1135 344 1199 Cretae
363 1135 487 1197 Oaxiam
500 1134 625 1205 urbem,
649 1133 777 1213 &ipsam
794 1135 910 1197 Cretam
927 1135 1039 1202 Oaxida
1054 1153 1159 1204 terrant

176 1234 264 1294 distant
283 1245 382 1309 putat,
399 1232 431 1292 id
450 1251 519 1296 eum
536 1232 594 1295 line
613 1230 672 1294 ulla
702 1227 871 1298 annonae
897 1234 1096 1312 comminisci,
1131 1239 1161 1302 dr

179 1333 260 1394 tono
279 1333 376 1410 potius
396 1333 526 1396 Servium
549 1331 647 1409 sequi,
671 1332 721 1409 qui
737 1331 843 1394 urbem
859 1349 922 1393 eam
935 1331 971 1394 ab
984 1332 1164 1412 Oaxellpol·

177 1429 316 1504 linbilio,
338 1449 400 1490 non
417 1429 454 1491 ab
470 1431 552 1492 Onne
582 1431 694 1506 fluvio,
709 1449 817 1492 nomen
838 1429 976 1509 accepisse
997 1435 1094 1496 audior
1109 1433 1160 1502 est,

176 1528 293 1594 Potuill'et
316 1529 418 1591 Servio
435 1527 534 1591 testem
549 1529 656 1592 addere
667 1527 872 1606 Stephanum,
889 1529 937 1607 qui
961 1529 1056 1604 idem,
1079 1532 1160 1610 quod

175 1627 295 1702 Servius,
325 1625 441 1708 scribit3
462 1642 607 1707 praeterea
629 1645 647 1689 e
669 1626 811 1690 Politiano
841 1645 997 1706 quaerere,
1033 1649 1090 1710 quo
1114 1649 1162 1693 au·

175 1726 241 1789 dore
256 1726 379 1790 Oaniaru
397 1725 474 1789 dicat
493 1730 613 1799 urbem,
644 1745 730 1802 quam
749 1727 914 1789 Herodotus
929 1725 978 1788 lV.
998 1747 1076 1802 154,
1100 1729 1161 1792 Ste.

174 1823 272 1901 pbmut
299 1825 337 1886 de
357 1821 494 1899 urbibus,
522 1824 584 1886 &li
599 1825 798 1900 conjecturam
818 1823 946 1888 llleurfiii
963 1823 999 1886 ab
1011 1823 1046 1890 ls.
1063 1825 1163 1888 Vollio

174 1922 306 2000 probatam
324 1921 492 1999 sequimur,
516 1922 617 2006 Scylax
639 1942 704 2003 pag.
731 1942 781 1996 42.
820 1923 936 1986 Oaxurn
964 1936 1079 1986 vocam.
1108 1923 1162 1988 Po-

173 2020 295 2086 stremum
311 2034 520 2098 argumentum
537 2020 666 2084 Politiani
680 2022 720 2082 ita
734 2017 847 2084 'refellit
867 2020 1017 2094 Floridus,
1033 2036 1066 2084 ut
1085 2022 1163 2088 dien

173 2116 328 2184 lobdunum
353 2134 457 2197 poetae
472 2135 600 2182 mentem
614 2139 675 2183 nun
687 2118 743 2182 else
763 2119 947 2194 adsecutum,
969 2119 1018 2200 qui
1038 2120 1096 2182 hoc
1115 2138 1164 2182 ue-

174 2216 218 2292 lit,
231 2239 277 2280 eos
292 2221 370 2303 ,qui
393 2218 467 2296 agris
491 2217 546 2280 suis
562 2219 646 2292 ejecti
661 2217 795 2293 fuerant,
813 2216 911 2296 queri,
927 2216 978 2278 fibi
992 2217 1024 2277 in
1037 2215 1100 2278 loca
1114 2217 1167 2278 de·

173 2314 249 2394 serta,
272 2319 420 2381 sitientem
442 2316 583 2388 niumm,
606 2315 752 2395 Scythiam
774 2319 802 2378 de
822 2314 995 2378 britanniam
1011 2314 1163 2388 eundum,

174 2418 303 2498 atquibus
316 2416 483 2496 regionibus
504 2415 584 2480 nulla
601 2414 670 2476 esset
685 2416 756 2480 aeris
770 2413 929 2505 benignitas
947 2414 975 2476 dr
992 2411 1162 2487 clementia,

174 2516 240 2579 nulla
256 2518 442 2591 humanitem
464 2517 496 2578 in
518 2514 696 2594 profectione
722 2514 754 2574 in
777 2513 892 2576 Cretam
913 2509 1033 2575 insulam
1067 2524 1164 2575 autent

175 2614 210 2675 nil
224 2615 498 2689 eise‘incommodit
528 2633 602 2692 quae
622 2616 652 2676 dt
671 2613 852 2691 propinqua,
885 2612 912 2672 dr
934 2611 1059 2672 maxime
1081 2627 1164 2674 com·

174 2715 273 2790 moda,
296 2718 325 2777 dr
348 2712 515 2788 fertilit,dt
537 2726 656 2777 centurn
676 2711 794 2776 urbibus
811 2708 935 2772 habitata
951 2707 1035 2770 esset.
1084 2708 1164 2772 Haec

174 2810 214 2874 ille
234 2833 283 2890 pro
306 2814 411 2876 Servio
432 2829 532 2875 contra
557 2811 747 2884 Politianum,
767 2827 841 2888 quae
872 2808 959 2870 etiam
982 2805 1110 2868 Rrodaeo
1135 2808 1165 2869 dt

175 2909 283 2974 Cellario
296 2912 412 2997 opponi
428 2910 551 2989 possunt.
595 2911 671 2973 Nam
688 2910 767 2990 quod
780 2907 890 2986 Virgilii
906 2908 1074 2970 audiuntote
1085 2923 1166 2980 ,tan-

175 3028 250 3086 quam
264 3024 438 3092 argumento
461 3029 515 3088 pro
533 3008 580 3072 sua
602 3008 759 3082 sententia,
771 3009 876 3074 ‘utitur
898 3004 1056 3078 Cellariut,
1070 3004 1102 3065 id
1117 3023 1167 3081 pa·

175 3127 231 3171 tum
246 3111 401 3192 procedit,
418 3111 446 3172 dt
462 3107 604 3184 ejusmodi
623 3106 849 3184 argumentatio,
868 3103 1021 3184 quamdiu
1039 3102 1076 3164 de
1104 3099 1167 3164 sen-

175 3210 254 3274 tentia
273 3224 381 3290 poetae
407 3209 570 3287 quaeritur,
605 3207 725 3271 incurrit
751 3207 782 3266 in
803 3204 927 3276 vitium,
964 3200 1043 3276 quod
1066 3198 1167 3274 Graeci

175 3302 287 3382 stertebas
310 3310 341 3366 ri
370 3302 521 3384 <aelurum
557 3305 643 3388 logici
675 3304 847 3383 petitionem
882 3299 1016 3379 principii
1051 3313 1165 3362 uocant.

177 3405 300 3470 Varronis
315 3421 415 3470 autent
436 3407 606 3478 arnonus,
623 3401 870 3486 quemadmodum
887 3413 995 3462 temere
1013 3396 1091 3474 rejici
1107 3415 1169 3456 non

178 3505 275 3581 debet,
291 3508 383 3570 modo
402 3506 513 3570 constet
527 3505 643 3569 Vibium
662 3505 693 3565 in
720 3521 756 3564 eo
786 3498 931 3562 laudando
957 3517 1017 3558 non
1046 3494 1168 3568 errasset

177 3601 212 3663 ita
231 3604 345 3668 sortasse
365 3624 425 3665 nun
441 3617 519 3668 tanta
542 3605 601 3679 est,
623 3617 656 3667 ut
678 3604 709 3666 in
729 3601 859 3662 omnium
881 3595 1108 3680 geographorum
1135 3592 1170 3652 st·

178 3698 261 3764 leutio
283 3703 342 3768 sola
362 3721 424 3764 rem
438 3703 580 3769 conficere
597 3701 689 3779 pollrt.
732 3701 825 3780 htque
845 3699 919 3761 haec
932 3696 1050 3774 quidem
1068 3688 1171 3768 proba-

180 3797 265 3864 biliter
284 3804 325 3864 ita
341 3815 440 3864 contm
456 3801 628 3866 sententiam
649 3819 773 3874 eorum,
804 3799 853 3876 qui
869 3797 982 3859 Oaxem
999 3791 1099 3852 Cretae
1119 3784 1171 3846 llu-

179 3916 241 3960 men
258 3899 315 3963 else
336 3898 466 3975 volunt,
493 3900 629 3978 disputari
650 3898 773 3978 poliunt.
817 3896 970 3958 Caeterum
998 3907 1058 3950 non
1082 3885 1172 3960 ingra-

180 4008 233 4090 tam
255 4017 317 4061 rem
332 3999 461 4061 studiosis
479 3999 604 4062 facturus
619 3997 712 4061 fuisset
727 3997 806 4058 idem
819 3989 971 4061 Floridus,
995 3985 1015 4046 li
1040 3982 1173 4060 antiquo·

181 4111 240 4159 rum
259 4099 426 4162 auctoritate
445 4096 629 4174 sententiam,
655 4116 740 4179 quam
761 4109 821 4156 tam
838 4085 964 4153 animose
990 4097 1089 4151 corrue
1121 4080 1174 4150 1³0·
