3225 5017
470 502 541 563 an
601 495 815 561 oannes
1087 510 1163 592 4η

178 660 258 726 mim
281 666 341 731 ac.
373 662 468 727 Taciti
489 680 605 740 quoque
620 679 693 722 aevo
714 653 780 732 Osci
798 656 859 715 ludi
878 656 987 719 Romae
1005 660 1170 737 agebantur.

177 784 205 829 e.
221 764 326 827 Annal.
351 762 380 825 L.
396 761 446 827 lv.
464 781 490 825 c.
509 780 555 833 14.
575 759 683 836 Quales
702 758 826 831 fuerint,
839 756 948 819 videbis
968 762 1044 836 apud
1057 760 1171 823 Livium

177 864 211 929 L.
236 865 299 926 llll.
317 882 343 925 c.
364 881 392 924 a.
415 860 524 939 Lingua
542 858 622 936 ipsa,
645 876 718 936 quae
735 856 835 916 rustica
858 856 970 933 prorsus
986 857 1025 917 est
1053 858 1170 933 habita,

176 982 206 1027 v.
223 964 257 1023 A.
283 959 407 1023 Gellium
435 959 467 1021 L.
492 956 586 1019 XVII.
610 976 635 1018 c.
660 976 706 1031 17.
739 955 876 1031 deinceps
897 957 928 1015 in
955 954 1171 1023 desuetudinem

177 1059 265 1128 abiit,
293 1061 375 1134 cuiue
394 1057 535 1135 fragmina
550 1074 588 1115 ex
607 1055 732 1116 comicis
759 1052 874 1131 aliisque
902 1054 1029 1129 corrasa,
1063 1058 1171 1135 ingenii
1217 1104 1219 1107 -

179 1158 309 1219 tentandi
329 1155 422 1219 cauffa
442 1155 618 1218 eruditorum
638 1151 769 1215 nonnulli
793 1153 830 1213 ad
856 1156 1087 1217 concinnandum
1109 1176 1173 1233 pen

178 1269 299 1333 petuum
319 1254 480 1316 sermonem
500 1251 708 1315 transtulerunn
749 1251 834 1312 Extat
856 1250 1023 1330 Matiangeli
1050 1249 1173 1315 Aocurfii

178 1352 324 1432 dialogus,
343 1352 434 1415 orcus
455 1356 483 1415 &
503 1350 639 1425 Volscus;
661 1350 717 1423 Jul.
740 1350 817 1411 Caes.
846 1350 978 1429 Scaligeri
993 1351 1063 1414 liber
1084 1354 1172 1416 Tere-

179 1450 323 1513 tifinatnm
344 1452 374 1511 in
396 1449 595 1529 poematibusa
617 1449 677 1523 Jac.
698 1447 785 1511 Balde
803 1449 909 1511 Drama
927 1450 1051 1527 Oleum;
1079 1451 1173 1513 Philo-

178 1551 248 1611 xeni
268 1550 376 1611 Gonaei
398 1548 445 1611 vel
469 1550 565 1627 potius
586 1547 668 1625 Calp.
693 1547 800 1609 barthii
831 1568 946 1611 carmen
975 1549 1101 1626 Oscum;
1135 1553 1173 1613 de

178 1647 284 1723 quibus
302 1668 329 1710 v.
350 1646 487 1710 lllorhofii
517 1646 682 1725 polyhistor.
708 1646 746 1716 T,
763 1647 787 1707 1.
814 1646 845 1709 L.
863 1647 914 1712 lv.
941 1668 1002 1725 cap.
1021 1670 1050 1724 9.
1093 1650 1173 1711 Serio

177 1746 269 1823 magis
292 1764 352 1807 rem
377 1748 435 1824 egit
454 1765 546 1824 nuper
568 1746 617 1805 Vir
641 1746 673 1804 in
696 1744 843 1822 republica
876 1745 1009 1809 litteraria
1033 1748 1173 1811 clatiffimi

178 1845 306 1905 nominis
331 1845 357 1919 J.
388 1846 421 1906 B.
446 1844 601 1913 euserius,
633 1842 726 1905 rursus
753 1844 784 1903 in
813 1842 907 1905 lucem
934 1846 1012 1905 edito
1042 1846 1173 1924 lingulati

177 1941 335 2019 specimine
354 1942 466 2021 linguae
491 1943 599 2016 Oscae,
621 1942 700 2019 quod
719 1940 841 2019 superest
865 1944 970 2005 Nolae*
983 1945 1012 2005 in
1033 1964 1173 2006 marmore

177 2041 271 2103 musei
290 2033 526 2118 Semi'na‘rii,¹iol.
550 2043 659 2104 Romae
689 2058 777 2117 1774·-
808 2041 892 2118 Lapis
917 2042 990 2116 iste,
1028 2046 1076 2119 qui
1099 2047 1174 2105 inter

179 2141 284 2201 rudera
306 2143 409 2203 veteris
428 2142 549 2203 civitatis
566 2140 683 2203 Abellae
709 2140 743 2200 'in
759 2139 916 2217 Campania
938 2140 1016 2204 haud
1036 2139 1122 2219 longe
1137 2143 1174 2204 ab

179 2240 251 2301 urbe
272 2240 348 2302 Nola
366 2241 416 2302 diu
435 2242 540 2318 jacuit,
558 2242 716 2319 promotus
736 2239 853 2300 tandem
872 2243 899 2301 ἃ
917 2238 977 2314 ibi,
996 2239 1044 2303 ubi
1066 2240 1175 2303 dicium

180 2339 238 2414 est,
256 2339 440 2416 conlocatus,
454 2341 491 2403 ad
512 2340 654 2417 regendos
673 2338 744 2400 fines
760 2340 835 2399 inter
863 2338 1014 2401 Abellanos
1037 2340 1177 2402 Nolanos·
1267 2402 1269 2407 .

181 2458 238 2515 que
262 2439 402 2515 pertinet,
429 2440 574 2517 prodietat
591 2438 681 2499 [latim
705 2458 772 2501 cura
796 2437 876 2499 Gorii
901 2439 932 2499 in
955 2436 1090 2516 symbolis
1114 2440 1175 2514 ejus

179 2540 349 2613 litterariis3
372 2538 439 2599 dein
461 2559 479 2600 a
499 2536 618 2599 Pallerio
639 2537 797 2615 expofitus,
820 2536 890 2599 Viro
916 2556 1054 2621 perquam
1083 2538 1177 2601 Reve-

180 2642 291 2714 rendo,
313 2636 612 2716 Stephano'Boagiae,
635 2638 664 2699 S.
690 2635 910 2715 congregationi
929 2636 966 2699 de
993 2638 1175 2714 propaganda

181 2740 239 2800 fide
269 2758 286 2799 a
314 2736 465 2811 secretio,
498 2736 609 2798 dicatus
636 2735 693 2811 est,
728 2737 809 2811 cujus
843 2735 1037 2799 munificentia
1053 2735 1177 2829 'laudale

182 2840 243 2914 ejus
269 2835 472 2913 internuntio
484 2834 621 2915 superiori
644 2854 722 2898 anno
744 2837 775 2896 in
796 2854 892 2897 meam
919 2834 1061 2897 librariam
1086 2835 1177 2915 supel.

180 2936 310 2999 leelilem
328 2934 502 2997 convobvie
515 2926 568 2997 ¹De
587 2933 668 2997 Oscis
684 2950 848 3013 praeterea,
867 2954 967 2999 eorum
991 2937 1119 3013 origine,
1137 2935 1178 2996 se-

182 3035 238 3105 de,
261 3034 379 3112 lingua,
400 3033 528 3096 moribus
550 3032 693 3111 praeclate
714 3033 820 3096 dilletit
848 3033 983 3101 Camillus
1013 3035 1179 3113 Peregrinus

180 3134 212 3196 in
233 3135 393 3212 Campania
411 3132 497 3197 leliee
523 3122 661 3199 Dill‘lv.
689 3151 751 3209 eup.
775 3154 804 3209 ς.
844 3132 882 3197 0.

575 3290 770 3381 Parrhafii
873 3294 875 3301 '

222 3497 271 3561 Ita
290 3496 398 3559 Graece
422 3493 553 3577 nullia-m
576 3492 827 3574 quamplurimum.
861 3514 888 3559 v.
918 3452 1087 3564 Schollalles
1115 3494 1178 3559 Pin·

183 3597 246 3660 dani
263 3595 301 3657 ad
323 3593 439 3675 Olymp.
464 3594 513 3656 od.
529 3615 557 3672 9.
583 3592 654 3656 vers.
684 3612 751 3673 ¹4³·
1106 3607 1108 3611 ’

434 3711 475 3779 'rel
504 3717 532 3779 ll
564 3714 693 3797 Πιῤῥισίῷ
722 3705 828 3799 ml.

433 3818 574 3889 Θωμισὶς
608 3812 650 3872 lali
670 3811 735 3890 φαίη

433 3914 501 3976 zelle
528 3910 599 3991 ι’μφὶ
623 3908 766 3987 nativam
784 3914 905 3978 Λυκαίου.

181 4028 283 4092 'fallen
308 4031 329 4085 lv
367 4014 405 4102 τι)
438 4023 510 4104 l’ll‘?
544 4028 588 4088 rie
623 4027 764 4105 Ἀμαθία.
795 4023 925 4108 [lupinaria
956 4023 1005 4102 wip
1031 4024 1184 4117 μίμηῇ

182 4123 334 4208 anaba
358 4114 472 4195 Servus
493 4126 530 4192 ul
544 4127 652 4212 Virgilii
676 4130 748 4200 Aee.
772 4126 804 4193 L
835 4125 891 4199 Xl.
913 4122 983 4193 vers.
1007 4144 1056 4210 3¹·
