3225 5017
454 472 544 559 ‘ro
603 482 819 555 torres·
1076 510 1159 595 239

157 656 406 729 Examinandum‚
440 672 511 717 num
534 654 571 715 ad
596 652 740 731 duplicem
766 654 887 715 modum
915 651 1157 729 effoeminationie

159 757 314 837 respexerit
331 756 444 830 nolier3
467 772 573 832 nempe
593 752 668 832 quasi
687 753 734 813 hic
754 752 821 814 fons
833 753 1158 833 hermaphroditosred-

159 862 239 921 deret
259 858 410 925 homines,
435 853 632 917 &muliebria
647 854 704 929 pati
728 852 862 913 doceret:
886 868 972 931 atque
994 856 1031 919 fro
1046 861 1156 939 duplex

156 961 225 1021 haec
243 958 343 1035 opinio
359 956 508 1016 veritatem
529 950 754 1024 nancisceretur,
775 972 862 1027 quam
884 956 911 1013 ile
931 953 1077 1019 firmarent
1092 959 1157 1022 ulti.

155 1079 201 1120 ma
217 1056 303 1118 verba
327 1056 395 1115 idem
419 1047 605 1127 &obscoenus
620 1049 666 1127 fir.
720 1048 763 1109 ue
792 1050 880 1109 verbo
912 1048 1060 1127 mollescere
1088 1059 1156 1122 vide

156 1156 335 1219 Laclantium
357 1151 503 1215 Placidum
525 1152 556 1211 in
573 1152 684 1213 Narrat.
705 1148 771 1210 Fob.
797 1150 885 1211 ovid.
905 1151 943 1213 ad
968 1152 998 1213 l.
1018 1155 1066 1215 lV.
1094 1156 1154 1221 uu.

160 1276 206 1321 rr.
225 1254 275 1317 ubi
295 1252 435 1315 Munker.
459 1264 580 1313 curuo.
663 1248 778 1311 Festus:
803 1247 941 1307 Salmacis
961 1253 1062 1311 nomine
1077 1277 1156 1335 nym-

152 1354 205 1433 pia
222 1350 297 1411 Coeli
320 1350 348 1410 ὣ
372 1368 456 1409 terrae
469 1347 535 1425 filia
548 1342 639 1426 fertur
659 1342 742 1421 causa
753 1342 841 1426 firmis
866 1348 1052 1429 Halicarnaffi
1068 1376 1155 1434 oquae
1230 1399 1234 1407 ,

156 1448 331 1531 appellandae
354 1442 436 1527 firiffe
469 1445 654 1518 Salmacidis,
685 1447 765 1525 quain
792 1446 838 1525 qui
862 1448 918 1507 bibi
939 1468 985 1522 et,
1010 1453 1078 1510 uitio
1105 1454 1154 1511 im.

157 1547 304 1627 pudicitiae
322 1540 499 1619 mollesceret,
521 1546 554 1603 ob
574 1566 633 1604 eam
651 1566 732 1619 rems
746 1547 819 1625 quod
840 1542 899 1625 ejus
922 1550 1017 1611 aditus
1029 1555 1153 1633 angusta.

159 1664 200 1704 tus
217 1646 373 1726 parietibus
394 1644 551 1722 occafionem
570 1642 688 1725 largitur
702 1640 847 1723 juverubus
866 1645 1054 1723 petulantibus
1077 1670 1153 1710 anre·

160 1745 304 1803 cedentium
319 1764 460 1825 puerorum
474 1742 678 1824 puellarumque
699 1741 907 1810 violandarum,
929 1744 993 1822 quia
1015 1767 1067 1805 rrorr
1074 1767 1162 1833 popae·

162 1838 296 1923 refugium.
341 1842 471 1901 Ennius:

279 1938 439 1999 Salmacida
456 1932 549 2022 ¹spolio
562 1938 620 2017 sure
636 1932 768 2020 sanguine
792 1939 820 2000 θ
831 1934 941 2014 sudore.

156 2040 254 2102 Strabo
278 2040 310 2101 L.
333 2038 413 2100 XIV.
433 2058 461 2115 p.
491 2046 559 2113 656.
589 2057 650 2097 non
665 2039 721 2099 aeti
741 2041 767 2099 ἃ
790 2058 903 2116 aquae,
932 2040 980 2101 sed
1001 2041 1152 2110 hominum

159 2140 281 2201 luxuriae
302 2138 452 2199 mollitiem
473 2138 605 2213 imputat.
632 2152 785 2198 ououov.

194 2256 277 2332 Apud
301 2254 470 2314 Boccacium
490 2252 527 2312 de
546 2250 682 2313 Salmacis
701 2250 782 2311 fonte
804 2250 866 2312 fic:
903 2246 989 2327 Falso
1012 2256 1155 2316 maltorum

157 2353 270 2431 opinione
295 2352 428 2425 creditur,
457 2354 598 2411 Venereum
618 2351 734 2408 morbum
752 2348 891 2430 implicare
907 2352 1066 2420 bibentibus,
1099 2357 1151 2418 Hie

157 2466 246 2511 autem
263 2451 384 2511 Vitruvii
401 2449 486 2510 verba
502 2450 654 2527 exprimit,
683 2451 731 2527 qui
753 2450 782 2509 in
807 2450 993 2513 describenda
1009 2454 1079 2515 urbe
1093 2456 1152 2518 Ha-

154 2547 317 2618 leomallo,
341 2568 357 2608 a
377 2547 508 2610 Mausolo
526 2549 643 2621 strutio,
669 2548 817 2627 postquam
834 2550 871 2610 de
891 2550 1040 2614 Mausoleo
1053 2556 1147 2632 dixit,

118 2660 119 2663 ’
156 2646 242 2723 deque
259 2646 361 2709 Mortis
383 2646 468 2721 fano,
485 2645 597 2717 subjicit
613 2648 676 2709 ista:
698 2646 731 2707 In
757 2668 838 2707 corna
853 2667 941 2708 aurem
959 2646 1062 2726 suormo
1085 2658 1151 2717 dex·

157 2759 195 2803 tro
224 2744 332 2803 Veneris
354 2744 380 2803 δ’
399 2745 531 2804 Mercurii
541 2742 639 2823 frenum
664 2748 704 2805 ad
733 2734 820 2829 ipsium
848 2749 1014 2809 Salmacidis
1036 2750 1150 2830 sontem.

159 2844 184 2901 lo
205 2862 293 2901 autem
314 2840 394 2926 falsa
416 2844 534 2924 opinione
544 2863 683 2925 putatur,
705 2868 812 2905 venereo
833 2848 922 2906 morlo
945 2849 1081 2930 implicare
1094 2879 1151 2926 eos,

156 2944 195 3019 qui
209 2964 242 2999 ex
264 2964 293 3001 eo
315 2942 435 3006 biberint.
477 2942 535 3002 Seu
547 2945 613 3002 lraec
632 2944 738 3025 opinio,
761 2966 842 3025 quare
849 2968 901 3027 per
921 2949 1006 3005 orbem
1022 2967 1150 3014 terrarum

150 3036 205 3115 fals
187 3044 217 3113 so
242 3056 345 3101 rumore
377 3060 399 3100 u
409 3060 580 3124 peruagata,
609 3065 661 3101 non
682 3044 787 3125 pigebit
807 3065 941 3124 exponere.
985 3048 1050 3105 Non
1073 3052 1150 3121 erum,

157 3140 218 3215 quoa
239 3138 342 3197 dicitur
373 3138 466 3199 molles
485 3140 511 3199 θ’
532 3141 680 3221 impudicos
708 3162 742 3199 erc
767 3164 799 3199 ea
819 3162 893 3221 aqua
914 3142 994 3219 fieri,
1016 3146 1048 3202 id
1066 3152 1152 3231 potest

156 3230 213 3307 effu
234 3232 289 3311 sed
305 3234 383 3319 eft
359 3258 417 3317 epus
427 3232 517 3315 fineis
531 3238 648 3319 poteslas
671 3237 831 3321 perlucida,
860 3235 993 3320 staporque
1016 3246 1147 3327 egregius

159 3332 214 3389 Cum
228 3352 319 3392 autem
331 3334 464 3393 Meles&
481 3336 635 3395 Areuanias
653 3339 688 3395 ab
705 3338 792 3419 Argis
819 3337 846 3395 δ’
871 3338 995 3419 Troezene
1021 3342 1150 3407 coloniam

159 3446 304 3490 communem
323 3450 353 3489 co
377 3432 431 3491 laci
450 3435 636 3505 deduxerunt,
658 3437 785 3495 barbaros
807 3435 894 3494 Caras
918 3437 1123 3523 &Lelegas
1099 3468 1150 3526 epe-

145 3543 248 3593 -cerunt
294 3530 336 3589 Hi
358 3548 446 3589 autern
466 3534 505 3589 ad
522 3551 622 3591 mantes
634 3530 731 3615 fiegoti
759 3528 791 3609 se
816 3556 1003 3619 congregantes
1024 3542 1053 3598 di
1067 3563 1153 3603 curre·

158 3622 230 3700 b‚ant
257 3626 371 3685 coibit
359 3628 502 3688 latrocinia
514 3626 650 3710 facientes
666 3634 777 3692 crudelit
768 3654 808 3693 ter
826 3656 870 3693 eos
885 3638 1032 3718 perstabant.
1058 3643 1154 3721 Postea

162 3720 189 3775 de
209 3722 309 3781 colonis
327 3746 396 3784 unus
413 3729 453 3785 ad
469 3748 525 3787 eum
529 3725 656 3807 fontem,
674 3750 784 3814 propter
796 3734 939 3792 bonitatem
958 3757 1061 3815 aquae,
1073 3758 1154 3817 quae-

152 3816 204 3890 stus
225 3818 337 3897 cauffo,
355 3826 490 3885 tabernam
506 3830 626 3886 omnibus
649 3832 733 3911 copiis
758 3833 901 3911 instruxit,
937 3852 1043 3911 eamque
1078 3857 1152 3894 exer-

157 3920 229 3974 crudo
255 3942 299 3979 eos
319 3924 447 3981 barbaros
467 3925 636 3999 alleciabar‚·
657 3929 697 3986 itu
713 3922 871 4010 fingulatini
893 3931 1057 3988 decurrentes
1073 3930 1151 3989 &ad

158 4028 238 4072 coetus
260 4022 439 4079 corzrvcnieotcs
461 4046 474 4081 e
494 3975 682 4105 duroferrique
703 4034 776 4085 ‘mo're
798 4028 953 4086 commutari
976 4028 1009 4084 'in
1034 4029 1148 4091 Graeco·

118 4110 139 4187 ἦ.
157 4126 210 4165 rum
240 4114 451 4191 conficetudinem
473 4122 499 4181 ὃ
522 4119 690 4197 suauitatem
707 4120 761 4198 sua
787 4125 925 4198 uoluntate
951 4121 1152 4203 reduceloroun
