3225 5017
445 404 519 497 60²
671 423 851 485 norun
908 422 1218 485 VARIORUM

447 584 493 651 Est
507 583 618 661 Asines,
638 583 681 645 uti
696 580 856 643 observavit
870 579 1030 660 Lloydius3
1052 600 1112 643 non
1125 581 1218 652 Acis,
1235 581 1277 644 uti
1295 581 1370 647 riialc
1379 581 1436 645 Da·
1527 591 1528 660 g

447 683 623 759 leohampius
653 681 689 743 ad
719 679 842 747 Plinium
875 678 896 740 l.
925 698 951 741 c.
996 694 1150 745 uaouov.
1253 680 1312 742 Suo
1353 698 1436 741 more

446 784 511 847 heic
531 781 622 844 rursus
646 781 704 842 duo
718 780 821 842 fluvios
840 776 992 841 confundit
1007 777 1109 839 noster.
1146 775 1347 839 'InCatanensi
1367 798 1437 856 agro

447 882 487 945 cst
506 881 596 953 Acis,
628 880 659 939 in
678 877 772 939 littore
797 863 1038 939 Tauromenitano
1062 876 1156 955 Asines
1182 876 1228 938 vel
1253 877 1364 957 Afinius
1389 876 1449 939 vel'
1527 921 1528 926 η

332 974 334 981 ’
447 979 622 1043 Ravennatis
641 977 778 1055 anonymi
793 976 919 1059 Afignus.
963 975 1026 1049 Jam
1059 988 1155 1036 autem
1175 974 1400 1042 Tauromenium
1420 994 1441 1035 a

446 1080 553 1141 Catana
567 1075 655 1137 millia
674 1072 801 1153 passuum
817 1075 929 1153 triginta
949 1072 1069 1153 amplius
1090 1074 1195 1135 &Acis
1211 1074 1246 1135 ab
1264 1074 1344 1138 iisne
1360 1077 1440 1138 ocio·
1522 1099 1528 1135 ῃ

448 1178 540 1239 decim
562 1174 673 1243 circiter
694 1172 782 1233 distat.
828 1172 953 1234 Asinium
977 1171 1164 1251 Thucydides
1193 1172 1224 1234 L.
1250 1172 1299 1253 lV,
1340 1194 1366 1235 c.
1386 1192 1437 1248 25·

446 1276 580 1355 Acesinen
600 1284 701 1343 vocat,
720 1271 769 1331 ubl
788 1283 901 1336 veretur
923 1269 1072 1331 Cluvedus
1097 1270 1156 1331 Sica
1170 1272 1234 1332 hut
1264 1270 1295 1331 L.
1312 1270 1336 1332 l.
1356 1290 1382 1331 c.
1407 1276 1437 1333 6.
1525 1257 1529 1308 ss

446 1392 484 1435 ne
504 1387 668 1449 corruptum
683 1370 715 1431 sit
732 1388 839 1430 nomen
858 1390 874 1429 a
893 1368 1034 1441 librariis,
1057 1368 1204 1429 Acesinum
1220 1386 1256 1428 eir
1271 1369 1388 1446 Scythia
1407 1371 1438 1429 a

445 1472 542 1544 indis,
564 1470 641 1546 apud
654 1488 725 1547 quos
746 1479 919 1529 memoratur
937 1466 1027 1527 Plinio
1045 1466 1074 1528 L.
1088 1465 1137 1528 lv.
1156 1486 1181 1528 c.
1202 1486 1248 1527 12.
1278 1469 1305 1530 a
1329 1467 1361 1535 L.
1382 1466 1434 1527 Vl.

446 1592 471 1637 c.
490 1590 537 1632 ao.
552 1567 667 1645 aliisque
679 1586 714 1631 eo
732 1566 976 1635 transserendbus.
1007 1566 1126 1624 cantara
1137 1565 1227 1625 hodie
1244 1577 1364 1626 vocatur
1375 1564 1440 1651 Afi-

446 1668 530 1739 nius,
552 1664 694 1728 Fazcllain
713 1668 740 1726 ἃ
759 1664 937 1727 Harduinam
962 1662 982 1723 fi
1009 1651 1126 1739 audias}
1158 1676 1242 1742 negat
1269 1662 1440 1736 CluveriuS,

438 1762 627 1847 frigidariique
649 1764 744 1841 potius
758 1764 860 1840 flumen
878 1762 935 1825 sive
952 1760 975 1820 il
987 1760 1070 1839 fiune
1082 1758 1183 1841 fredilo
1200 1762 1359 1840 nuncupari
1371 1781 1441 1823 con.
1515 1774 1519 1787 ·

446 1854 556 1935 tendit,
586 1866 613 1925 ἃ
638 1862 783 1922 cantaram
816 1862 893 1923 Vibii
912 1861 1133 1923 Taurominium
1155 1859 1211 1923 eise
1231 1861 1347 1939 statuit,
1369 1879 1441 1931 eonq

446 1961 585 2030 sentiente
600 1960 739 2030 Doivillio
758 1960 789 2025 in
804 1960 904 2023 Siculis
922 1960 959 2023 T.
971 1958 995 2025 1.
1014 1978 1045 2042 p,
1060 1978 1130 2044 254·
1153 1960 1190 2028 Ο.
1277 1980 1280 1987 ·

868 2123 1006 2213 Ancus

487 2323 639 2403 Duplicem
657 2320 854 2385 difficultatem
872 2321 1035 2384 hiemaret
1054 2324 1083 2384 ἀ
1095 2318 1153 2383 ioci
1167 2320 1332 2400 depravatio
1347 2323 1441 2385 &nm

446 2426 558 2486 minum
580 2421 753 2494 obscuritas,
780 2440 853 2498 quae
874 2420 917 2487 cl.
932 2421 1132 2500 Lloydiuui&
1156 2420 1226 2481 alios
1250 2419 1286 2481 ab
1306 2423 1441 2483 emenda-
1527 2501 1528 2510 ἵ

435 2522 527 2599 ¹tione
542 2520 644 2581 hoium
673 2518 825 2581 verborum
845 2518 1064 2586 absterruerunt.
1120 2520 1304 2595 eonjeauras
1321 2521 1443 2601 ¹quales·

450 2637 564 2697 cunque
583 2636 661 2679 meas
675 2617 811 2679 indicabo
821 2650 853 2665 -
870 2619 995 2695 primurn
1009 2631 1173 2696 corruptam
1188 2617 1243 2678 effe
1253 2619 1376 2696 primam
1389 2640 1442 2681 vo·

447 2737 512 2784 cem
527 2715 621 2779 nullus
643 2714 760 2789 dubito,
784 2736 851 2779 cum
869 2717 957 2776 Antei
973 2736 1061 2779 nenio
1076 2717 1314 2795 Geographoruin
1339 2720 1371 2779 iii
1392 2720 1441 2784 de·

446 2817 601 2895 scriptione
628 2814 739 2877 Siciliae
757 2814 843 2877 saciat
860 2818 1055 2891 mentionem
1086 2816 1169 2883 unde,
1194 2817 1309 2882 mutatis
1329 2816 1441 2879 duabus
1527 2887 1528 2892 η

429 2913 546 2993 ,litteris
563 2914 682 2987 mediis,
699 2912 857 2979 verosimile
868 2915 940 2975 mihi
956 2915 1006 2988 iit,
1027 2915 1232 2979 restituendum
1253 2914 1309 2975 eise
1325 2918 1441 2996 Anapus

447 3001 495 3076 vel
512 3016 641 3093 Anapos,
664 3010 747 3073 autsi
770 3013 878 3086 mavis,
899 3014 1038 3094 Anapus,
1072 2999 1236 3091 quodcum
1255 3011 1440 3090 sequentibus

445 3126 512 3191 apte
527 3110 663 3172 conuenit
685 3112 712 3171 di
732 3109 787 3179 alio
806 3110 934 3186 ejusdem
956 3110 1029 3173 Vibii
1044 3113 1075 3173 in
1091 3112 1209 3174 lacubus
1228 3112 1315 3187 loon,
1336 3112 1439 3193 Cyane,

445 3214 556 3289 inquit,
579 3210 737 3291 Syracusts,
756 3230 899 3291 perquam
914 3212 1027 3291 Anapus
1042 3211 1136 3289 tranfit
1146 3232 1197 3291 per
1211 3210 1338 3293 Stygiam
1358 3210 1455 3292 palii„

446 3312 520 3383 dem,
543 3310 590 3373 hic
602 3311 678 3371 enini
696 3310 787 3371 amnis
799 3308 947 3389 Syracusas
960 3308 1197 3386 praeterlabitur,
1209 3310 1251 3370 uti
1269 3308 1306 3369 ad
1317 3308 1403 3388 ldyll.
1415 3310 1438 3371 Ι.

448 3408 597 3479 Theocriti
612 3429 639 3471 v.
660 3416 708 3478 68.
729 3410 837 3495 docent
852 3421 1028 3469 enarratores
1043 3404 1151 3488 antiqui
1167 3404 1338 3469 &helianus
1357 3407 1391 3469 V.
1402 3408 1440 3470 H.

438 3504 479 3569 .L·.
495 3504 532 3570 il.
551 3526 577 3570 c.
601 3522 649 3579 32.
667 3518 751 3583 atque
771 3505 818 3567 aiii
836 3506 928 3569 multi.
974 3506 1062 3583 Quod
1079 3506 1137 3585 hoc
1159 3504 1268 3567 flumen
1285 3525 1373 3584 porro
1390 3508 1443 3568 tria

445 3602 535 3665 habet
550 3602 666 3665 nomina
681 3622 733 3681 pro
755 3605 891 3665 varietate
913 3603 1044 3666 locorum
1063 3604 1111 3665 ubi
1123 3603 1205 3678 iluit,
1226 3604 1257 3665 id
1273 3605 1444 3681 praetchi·

444 3702 525 3765 bium
543 3699 656 3775 nullus,
677 3701 754 3777 quod
769 3700 873 3777 sciam,
896 3705 1018 3765 monuit.
1049 3701 1229 3765 Vocabulum
1261 3704 1325 3765 Ano
1344 3724 1445 3766 corru-

443 3814 528 3881 ptum
550 3799 718 3863 crediderim
737 3800 765 3861 dr
785 3802 998 3864 emendandum
1015 3803 1146 3883 Anapos,
1168 3815 1202 3863 ut
1220 3800 1327 3878 supra3
1358 3802 1445 3865 libra·

326 3916 332 3941 1
444 3900 553 3961 riorum
584 3900 680 3965 errore
706 3897 885 3961 commissum
909 3900 948 3961 est
972 3900 1029 3962 hoc
1051 3901 1210 3974 mendum,
1231 3900 1280 3977 qui
1306 3899 1445 3964 ultimam

445 3995 605 4073 syllabam,
629 4009 744 4073 propter
762 3996 973 4071 similitudinem
985 3998 1169 4090 cum-vocula
1182 4000 1258 4080 post,
1274 3999 1445 4093 omiserunt.
1527 4015 1528 4024 ¹

448 4090 543 4157 Primo
562 4097 645 4174 igitur
660 4092 788 4157 absolute
802 4098 914 4179 Anapos
929 4097 1108 4177 appellatur,
1124 4098 1187 4176 post
1204 4099 1449 4179 Anoposcaenos:
