3225 5017
534 454 606 517 nn
673 426 852 537 iscus
1111 466 1202 548 '247

199 663 224 696 ‚,
246 619 305 694 ejus
325 613 398 677 odor
418 612 615 690 occurrebat)
632 630 714 675 nares
731 594 843 675 suirrma
857 610 1005 693 diligentia
1019 602 1200 696 obturabant,

196 758 221 791 „
244 714 353 795 nequid
370 713 439 775 mali
458 715 700 787 contraherem„
743 710 990 789 nmepninnes,
1004 716 1086 790 cujus
1100 720 1202 779 menri-

196 813 240 876 nit
249 813 374 885 Plinius,
383 812 472 877 hodie
481 809 608 893 Masatos
624 811 672 875 vel
682 809 782 889 Mufiui
791 830 901 875 nomen
917 811 994 877 lacui
1009 814 1198 884 intrusisse.

608 978 794 1065 Benacus

241 1175 333 1255 Supra
348 1176 380 1238 in
393 1172 507 1239 Mincio
522 1174 641 1237 flumine
658 1176 780 1246 eadem,
802 1194 877 1253 quae
892 1174 960 1251 hic,
981 1178 1136 1242 tradiderat
1147 1190 1203 1243 no-¹

197 1274 263 1337 ster.
282 1294 310 1336 v.
327 1293 391 1353 pag.
413 1294 460 1347 14.
480 1274 509 1335 dc
534 1294 602 1349 141.
625 1274 745 1337 &infra
763 1277 795 1336 in
821 1276 938 1337 Vcnaco
962 1275 1026 1340 lacu
1041 1295 1199 1361 recurrant.

196 1371 307 1435 Plinius
324 1372 356 1435 L.
375 1371 429 1435 IX.
450 1392 475 1434 c.
496 1392 543 1435 22.
560 1375 616 1435 ita:
645 1374 740 1433 Lacus
756 1374 791 1455 ‘st
810 1371 910 1434 Italiae
926 1374 1053 1437 Benacus
1077 1378 1200 1448 inVeni·¹

195 1472 270 1551 nenfi
285 1492 377 1554 agro,
398 1470 531 1531 Mincium
549 1494 652 1533 annam
672 1473 866 1535 transmittens.
887 1495 914 1541 v.
936 1477 964 1536 dc
985 1474 1016 1538 L.
1035 1475 1091 1556 'lll-
1105 1497 1133 1543 c.
1150 1498 1198 1554 19.

197 1570 366 1635 mensuram
386 1572 447 1646 ejus
463 1571 548 1634 tradit
570 1571 671 1635 Strabo
698 1570 800 1636 LIV.
821 1592 850 1651 p.
869 1591 940 1650 209.
972 1574 987 1635 i
1009 1578 1053 1649 ut.
1079 1556 1201 1642 ultuan-

196 1667 272 1743 λίμνη
300 1665 358 1739 ἔχει
380 1668 475 1741 puisi&
500 1667 662 1733 usstassai-ias
682 1666 792 1731 ruilus.
822 1668 920 1733 nnai‘m
945 1668 972 1726 di
998 1672 1085 1730 tusis
1114 1670 1202 1736 nturi-

197 1767 281 1835 ...ξφ
308 1768 373 1844 tapsi
388 1765 415 1824 tu
437 1765 542 1841 nonusis
564 1763 698 1835 minuma.
734 1766 885 1847 Eleganter
902 1768 1007 1832 Benaci
1023 1769 1117 1839 filium
1130 1771 1203 1833 dicit

198 1866 345 1930 Mincium
374 1864 507 1945 Virgilius
527 1866 597 1927 Aen.
624 1866 657 1931 L.
674 1866 714 1929 X.
730 1888 758 1929 v.
775 1886 846 1943 2ος.

326 1990 404 2069 Quos
424 2007 504 2071 patre
525 1991 649 2060 Benaco,
674 1990 783 2051 uelatus
807 1992 936 2051 anundus
949 1990 1075 2075 glauca,

251 2118 253 2125 v
325 2088 454 2149 Mincius
473 2084 571 2167 infesta
589 2089 704 2183 ducebat
722 2090 751 2149 in
772 2110 890 2169 aequora
898 2092 978 2171 pirric

198 2215 329 2281 Benacus
347 2210 435 2275 hodie
447 2212 525 2293 Lago
542 2212 572 2269 di
583 2214 673 2295 garda
681 2232 695 2285 ,·
717 2211 865 2285 Mincius,
881 2211 998 2297 Margo.
1026 2210 1204 2276 umsoensa

198 2313 311 2379 accolas
323 2310 413 2375 habes
429 2311 507 2389 apud
525 2309 680 2375 Gruterum
695 2330 760 2391 pag.
772 2309 888 2378 CCLX.
903 2330 935 2377 2.
944 2308 1102 2376 cclxiii.
1112 2320 1142 2383 8.
1160 2312 1202 2379 0.

455 2500 617 2615 Cyane.
732 2501 934 2615 Cocytus.

242 2706 299 2768 Per
309 2700 409 2783 quen)
431 2699 497 2762 Nic.
512 2696 663 2761 Heinsius:
684 2696 733 2760 uel
745 2696 910 2764 invitoMS.
920 2720 972 2781 per
986 2698 1148 2781 quanlege.
1158 2699 1204 2764 De

198 2806 298 2883 stagno
319 2802 369 2865 seu
382 2800 465 2862 fonte
483 2800 581 2878 Cyane
591 2798 692 2861 fabula
708 2814 837 2861 narratur
851 2798 888 2860 ab
906 2796 1015 2860 Ouidio
1030 2798 1152 2862 Metam.
1168 2800 1203 2863 Ι..Ι

199 2904 234 2966 V.
256 2922 287 2965 v.
309 2921 384 2977 409.
402 2902 430 2961 dc
450 2899 502 2977 Ep.
522 2916 560 2959 en
583 2898 675 2961 Ponto
694 2898 726 2961 L.
744 2898 781 2961 II.
802 2916 849 2978 ep.
863 2898 904 2961 X.
931 2918 963 2965 v.
978 2916 1026 2973 2ς.
1051 2896 1203 2962 Laclantio

198 3021 311 3083 argum.
326 3000 446 3062 Metam.
471 2997 558 3059 Ouid.
581 2997 614 3059 L.
630 2997 671 3081 .V·
689 2997 746 3059 fab.
772 3006 799 3060 ⁶.
825 2995 1034 3060 &Claudiano
1062 2998 1202 3073 derupta

201 3100 278 3165 Paos.
295 3099 328 3163 L.
351 3098 403 3161 lll.
424 3118 454 3163 v.
473 3116 543 3172 245.
567 3097 652 3175 Apud
668 3096 785 3159 Vibium
803 3096 907 3157 hocin
926 3094 993 3157 loco
1019 3086 1202 3157 scribendum¹

199 3203 256 3265 est:
275 3200 369 3281 Cyane
388 3197 551 3279 Syracufis‚
562 3216 611 3278 per
629 3216 703 3277 quen
723 3195 843 3273 (lacum
857 3193 918 3257 scil.
933 3192 1092 3254 secundum
1111 3190 1203 3268 eum)

199 3301 319 3383 Anapus
338 3298 440 3384 transtu.
473 3294 594 3371 Reliqua
609 3277 661 3377 ῥα
680 3294 806 3376 Stygiam
828 3292 957 3375 paludem
982 3290 1115 3353 videntur
1138 3309 1203 3369 per·

199 3400 290 3461 tinere
311 3397 348 3459 ad
369 3395 487 3475 Cocytos
505 3390 656 3474 infitiatum.
688 3393 726 3455 stc
753 3394 838 3453 'enim
865 3388 999 3471 Virgilius
1036 3390 1141 3472 Georg.
1165 3389 1200 3455 Ι..

200 3496 248 3561 IV.
277 3518 309 3559 v.
332 3504 403 3573 478.

322 3596 400 3673 Quor
429 3592 527 3652 circum
545 3588 627 3651 liunus
648 3588 721 3672 niger
737 3589 764 3649 6·
778 3585 1018 3669 defismuisarundu

325 3692 447 3772 Cocyti,
463 3690 594 3770 tardaque
601 3687 686 3770 palus
706 3688 862 3748 inamabilis
880 3691 955 3748 undu

325 3790 445 3872 Adligat
465 3788 493 3849 fa
516 3787 608 3848 nonies
627 3788 701 3868 Styx
708 3782 852 3867 intefitsa
874 3790 983 3873 coisset.

108 3957 109 3960 ,
201 3905 239 3967 ibi
254 3902 464 3981 Philargyrius:
492 3902 609 3981 Cocytus
626 3900 733 3979 fluuius
756 3898 897 3980 inferorum
925 3902 953 3962 dc
978 3896 1058 3958 aliter
1084 3896 1232 3982 Cocytus⁸

203 4004 288 4063 amnis
306 4003 383 4087 apud
406 3996 504 4080 inseror
524 4020 559 4059 ex
578 4001 663 4081 Styge
675 4000 813 4081 profluens
841 3994 960 4053 sini-sai
992 3999 1111 4053 unuin,
1133 3992 1206 4072 quod

204 4101 236 4181 syl
256 4122 356 4183 genere
379 4100 406 4160 ἃ
417 4100 492 4179 flere.
522 4096 605 4159 Idem
625 4102 710 4175 poita
727 4098 844 4159 Aeneid.
866 4094 957 4157 LVI.
975 4112 1003 4154 v.
1021 4110 1087 4171 322.

708 4221 779 4296 Qu
