3225 5017
675 409 712 446 Ἰ

1031 451 1189 517 An
1324 457 1664 521 Lacus
2220 451 2383 560 263·

433 618 598 694 misse,
643 625 800 697 patet
840 635 917 679 ex
956 635 1138 681 numo
1164 661 1185 691 ‚
1259 617 1321 677 in
1357 637 1473 695 qun
1528 617 1827 683 Danuvius
1875 640 1981 700 pro
2030 622 2326 691 Danubius
2355 674 2377 706 ,

420 741 558 807 quern
583 719 747 781 refert
790 718 1088 780 Tristanus
1125 716 1299 779 Tom.
1335 715 1382 782 1.
1428 736 1488 794 p.
1544 724 1682 793 396.
1728 720 1783 781 δι
1816 719 2193 797 Spanhemius
2226 725 2299 788 T.
2322 726 2374 793 Ι.

412 821 472 881 de
492 818 667 895 praest.
701 821 756 879 &
791 816 898 880 usu
929 818 1106 880 Num.
1148 835 1208 894 p.
1252 835 1390 880 120.
1433 816 1707 881 Videatur
1736 838 1965 897 quoque
2000 821 2057 884 H
2103 823 2381 902 Stephani

407 919 648 997 praefatio
675 918 747 979 ad
771 917 910 980 Lex.
953 917 1073 979 Lat.
1098 916 1299 979 Graec.
1338 916 1702 978 Demonstret
1734 917 1851 990 jam
1885 917 2068 980 noster
2082 919 2374 999 Lucumo,

407 1016 607 1078 Vibium
655 1032 790 1078 ante
841 1035 913 1079 ea
962 1031 1222 1094 tempora
1274 1013 1503 1089 vixisse,
1550 1018 1649 1088 dc,
1720 1034 1854 1077 cum
1919 1016 2075 1081 hunc
2119 1016 2375 1086 libellum

404 1116 455 1174 in
492 1114 666 1177 literas
701 1117 995 1194 digereret
1022 1116 1084 1175 in
1124 1112 1288 1176 usum
1336 1113 1439 1178 filii
1481 1112 1600 1185 sui,
1673 1133 1795 1175 non
1853 1115 2094 1193 potuisse
2144 1119 2375 1196 gemino

401 1211 512 1274 loco
555 1215 764 1279 referre
798 1214 1058 1275 eundem
1115 1213 1358 1275 fluvium
1391 1207 1510 1273 “vel
1568 1211 1755 1275 lacum
1778 1258 1798 1289 ‚
1854 1233 1964 1288 ne,
2022 1215 2063 1276 fi
2118 1216 2265 1279 forte
2314 1220 2375 1280 in

396 1312 697 1390 scripturam
747 1313 1041 1378 diversam
1091 1313 1375 1377 incideret
1423 1310 1787 1387 adolescens,
1836 1311 2043 1374 dubius
2096 1312 2370 1378 haereret.

395 1411 608 1488 Quoties
648 1433 775 1475 non
827 1414 1092 1476 videmus
1136 1409 1528 1489 Hesychium‚
1587 1411 1823 1473 Suidam
1868 1409 2118 1488 aliosque
2167 1412 2378 1477 eadem

392 1511 640 1575 vocabula
683 1513 931 1576 diversis
965 1511 1164 1575 litteris
1209 1508 1501 1576 recensere
1520 1553 1541 1584 ‚
1598 1510 1729 1587 quia
1771 1510 1851 1574 ita
1900 1507 2103 1583 ιιιίμενιι
2151 1510 2212 1571 in
2276 1531 2372 1574 au-

389 1610 611 1673 ctoribus
654 1611 1094 1689 inveniebant,
1135 1627 1280 1689 quac
1313 1608 1538 1684 delere,
1595 1628 1718 1671 non
1770 1608 1873 1670 nisi
1904 1608 2213 1671 temerariis
2267 1609 2371 1671 ho-

243 1731 247 1771 r
389 1708 609 1781 minibus
656 1709 928 1791 placebit
967 1712 988 1779 1

1170 1792 1541 1860 n’oxvuu:
1595 1791 1657 1853 in
1696 1788 1889 1859 critica
1912 1811 2095 1858 vunnu
2128 1811 2188 1873 p.
2225 1807 2368 1860 κιο.
