3225 5017
442 473 520 571 278
665 489 851 548 sorau
920 491 1228 555 vastrorum

439 666 506 727 pag.
527 655 577 716 80·
602 665 640 708 ex
665 647 781 735 llygjno
811 648 980 723 docuimusr
1011 652 1193 730 Amymonen
1218 649 1331 712 sontem
1356 649 1434 724 iuxta

441 745 554 811 Lernen
574 746 674 820 fuifl'e,
695 765 732 816 ex
750 746 898 810 Strabone.
913 749 1024 810 Lernen
1043 750 1154 812 fontem
1171 751 1306 828 Argivum
1326 767 1435 813 memor

441 858 506 906 rant
521 847 697 908 certatim&
722 845 787 920 alii,
807 846 903 910 Schdl.
924 847 1067 928 lipollonii
1087 850 1124 912 ad
1152 849 1183 911 L.
1203 833 1268 910 lll.'
1284 867 1312 908 v.
1347 864 1433 915 1240.

320 993 329 1018 0
440 943 537 1006 80h01·
557 944 672 1004 Hefiodi
701 945 734 1010 in
768 957 848 1013 eror-
876 967 903 1010 ν.
929 965 999 1026 257.
1026 950 1081 1021 &o
1123 949 1161 1014 cf.
1192 945 1374 1022 stnneknus
1402 942 1437 1012 ad

438 1041 596 1122 Hyginum.
641 1043 679 1118 0.

843 1209 1021 1302 Maeotis

482 1423 511 1470 y.
535 1403 666 1470 Lucanus
684 1405 715 1468 L.
734 1407 772 1470 ll.
793 1430 820 1470 v.
838 1418 907 1482 ⁶40·
928 1407 1060 1487 Virgilius
1082 1409 1186 1488 Georg.
1206 1409 1238 1475 L.
1260 1407 1313 1471 lll.
1325 1429 1355 1470 v.
1369 1428 1436 1486 μς.

444 1515 582 1564 nasses..
669 1506 822 1569 Sarmatiae
843 1510 1017 1584 vindicanda
1034 1509 1114 1586 palus
1130 1523 1198 1572 erat.
1213 1529 1239 1572 v.
1258 1507 1438 1578 Ptolemaeus

440 1599 475 1662 L.
497 1601 549 1663 lll.
574 1623 598 1664 c.
624 1627 648 1678 ς.
673 1607 729 1667 Sed
755 1627 787 1668 ea
812 1623 908 1670 tamen
938 1608 1071 1688 Scythiae
1104 1628 1168 1688 pars
1199 1607 1299 1681 haberi
1335 1608 1435 1686 potest.

440 1699 582 1791 Sarmatas
601 1707 637 1766 ad
648 1704 753 1768 Tanais
773 1709 848 1786 ripas
860 1707 997 1778 habitasse
1014 1707 1062 1777 yel
1084 1707 1187 1778 Tanain
1205 1730 1307 1776 amnem
1331 1700 1438 1783 coluiffs

430 1797 540 1888 'scribit
553 1801 658 1867 Plinius
680 1805 712 1870 L.
729 1800 777 1868 Vl.
795 1827 821 1868 c.
844 1825 872 1884 7.
895 1807 959 1882 Jam
978 1807 1014 1876 ad
1036 1807 1158 1876 Tanaim
1178 1805 1441 1876 referendalllaeo·

441 1904 498 1976 tis,
522 1904 700 1982 proindeque
721 1907 757 1965 ad
778 1907 956 1976 Sarmatiam.
999 1906 1151 1986 Subjungit
1170 1905 1300 1969 laudatus
1320 1909 1437 1978 audlorr

442 2002 565 2083 Scythae
585 2022 684 2068 vocant
703 2004 844 2075 Maeotin,
861 2005 1036 2082 Temerirrda,
1060 2007 1133 2087 quod
1152 2003 1290 2090 figmficat
1328 2022 1438 2074 marren

439 2102 532 2178 naris,
577 2103 664 2165 lstum
677 2123 763 2182 porro
782 2103 877 2168 lacurn
894 2106 1001 2174 diuum
1017 2095 1185 2168 Macerio&
1209 2105 1292 2190 ponti
1306 2103 1366 2168 five
1381 2123 1438 2168 rna,

440 2201 480 2265 ris
500 2217 620 2269 matrem
638 2223 674 2266 ex
698 2203 847 2272 Herodoto
864 2204 1073 2281 condiscimus:
1096 2199 1110 2264 l
1136 2201 1245 2264 mariale
1267 2203 1301 2260 'u
1325 2199 1437 2259 »ardeia

442 2297 566 2374 quinq
589 2301 636 2355 ud
661 2302 751 2359 no'mv
767 2303 798 2365 L.
819 2303 869 2368 lV.
887 2323 913 2365 c.
935 2312 985 2372 86.
1010 2303 1046 2380 cs.
1070 2302 1263 2382 &Dionysius
1279 2304 1387 2382 perieg.
1405 2323 1433 2363 v.

442 2405 509 2471 165.
538 2400 678 2483 Herodoti
705 2401 845 2480 interpres
876 2389 966 2470 videri
995 2401 1079 2482 polsrt
1105 2401 1287 2477 Eustathius,
1328 2403 1379 2488 qui
1400 2401 1437 2470 ad
1504 2399 1505 2493 l

437 2495 567 2576 Dlonysll
598 2500 710 2565 versum
733 2503 781 2568 clt.
809 2501 912 2576 pemseia
931 2503 1001 2578 dicit
1034 2503 1065 2562 alc
1087 2498 1141 2557 asub
1174 2501 1210 2558 τῖἷ
1244 2497 1332 2573 μαῖαι,
1370 2499 1439 2572 μαῖα

437 2594 488 2673 yrlp
515 2597 641 2679 ἧτροφίς.
671 2603 741 2663 item
767 2601 896 2664 Mordere,
912 2602 942 2663 ὦς
964 2600 1019 2660 ot’rrl
1040 2600 1087 2658 aas
1109 2599 1199 2676 praed,
1219 2594 1336 2674 patalen,
1361 2597 1436 2662 Mihi

426 2710 537 2770 ,tamen
558 2698 679 2766 Macerio
699 2700 744 2766 vel
767 2701 894 2766 lllaeotls
913 2721 1020 2766 nomen
1041 2697 1138 2779 potius
1155 2720 1172 2761 a
1187 2699 1305 2770 noellirll
1325 2699 1437 2772 videtur

440 2795 636 2873 descendere,
669 2801 748 2876 quod
769 2801 871 2861 Turcis
892 2799 1031 2880 Persisque
1052 2800 1199 2876 ingentem
1222 2819 1362 2876 aquarum
1387 2818 1436 2858 cuv
1502 2851 1503 2854 ,

377 2881 380 2884 ’
439 2896 517 2974 piam
542 2897 687 2977 desrgnat.
703 2898 739 2961 In
763 2897 885 2960 Gothica
906 2896 1001 2976 lingua
1022 2919 1111 2966 troes,
1149 2892 1256 2974 moesta,
1296 2915 1435 2976 magnum
1502 2865 1503 2951 l

431 2994 536 3081 ⁸lacum
555 3012 644 3060 notat.
680 2999 784 3079 Neque
808 2998 943 3059 videntur
976 2995 1098 3076 Scythae
1120 2987 1321 3074 Sarmataeque
1352 2994 1435 3060 aliam

439 3098 474 3160 iis
492 3097 612 3168 uocibus
628 3097 861 3180 srgnilicationem
879 3095 1004 3160 tribuisse
1021 3094 1110 3169 olim,
1133 3114 1219 3172 quarn
1228 3093 1345 3170 'furcae
1361 3093 1436 3172 post-
1501 3095 1502 3181 y

441 3214 475 3256 ea
493 3196 639 3274 Gothique
659 3197 694 3258 ab
714 3198 769 3260 istis
796 3198 849 3258 orti
869 3197 1003 3261 tribuere.
1032 3193 1190 3259 Immensus
1209 3193 1259 3256 iste
1278 3193 1434 3269 lacus,cui

438 3292 529 3355 hodie
549 3299 633 3361 maris
649 3298 751 3380 Appii
769 3295 817 3363 vel
836 3297 964 3370 Zabaclte
991 3281 1180 3368 namanes,
1220 3295 1298 3372 quod
1332 3313 1435 3374 parum
1500 3355 1501 3372 y

437 3395 599 3470 profundus
622 3386 689 3471 cll,¹
701 3417 755 3476 pro
771 3395 876 3474 palude
899 3396 976 3473 apud
995 3409 1103 3459 veteres
1127 3391 1297 3464 habebatur.
1343 3393 1433 3460 Hero·
1500 3377 1501 3398 ¹

438 3490 524 3555 dotus
547 3511 647 3568 parunt
670 3494 706 3569 ab
720 3497 833 3560 Euxino
851 3509 942 3576 ponto
968 3479 1082 3572 differre
1101 3491 1231 3556 mensura
1253 3491 1434 3561 maeotidem
1499 3553 1500 3582 p

381 3644 386 3656 ,
438 3590 490 3652 fibi
514 3589 709 3668 persuadebat.
736 3592 764 3648 ου’
792 3599 872 3674 eamq
888 3617 934 3666 up
957 3585 1116 3658 babens:
1145 3591 1194 3662 Ill.
1211 3611 1236 3654 c.
1263 3599 1312 3670 86.
1331 3591 1434 3671 Scylax
1499 3583 1500 3639 l

422 3690 592 3765 dimidium
614 3691 691 3759 istius
711 3711 812 3772 capere
828 3692 903 3756 hanc
926 3692 1031 3758 tradita
1071 3691 1083 3754 l
1106 3691 1134 3752 ll
1160 3687 1273 3750 Mutine
1295 3689 1372 3762 λίμνη
1394 3689 1434 3748 λέ-

367 3834 370 3844 ·
439 3787 508 3864 selva
533 3785 610 3862 laun
631 3784 692 3850 dm
714 3789 760 3846 ui
784 3791 880 3856 nano.
904 3789 1004 3870 peripl.
1031 3791 1078 3857 ed.
1095 3787 1170 3852 Voss.
1187 3809 1216 3873 p.
1234 3801 1283 3862 28,
1316 3789 1437 3881 Propius
1498 3777 1499 3867 l

441 3889 478 3950 ad
498 3909 597 3953 verum
617 3891 728 3962 accedit
745 3889 891 3960 Strabonis
914 3892 1030 3968 opinio,
1054 3909 1161 3954 novem
1179 3889 1332 3952 stadiorum
1348 3889 1439 3962 millia
1497 3953 1498 3964 p

439 3989 591 4055 circuitum
608 3989 719 4068 paludis
743 3989 889 4069 complere
905 3991 1049 4062 statuentis
1073 3991 1103 4052 L.
1120 3989 1157 4054 ll.
1182 4009 1210 4080 p.
1241 4008 1308 4064 ης.
1324 3989 1356 4065 L.
1368 3989 1435 4054 Vll.

442 4107 472 4163 p.
493 4106 559 4164 3¹0·
582 4110 613 4155 v.
634 4091 665 4150 in
686 4089 743 4154 loc.
762 4090 790 4152 h.
812 4090 945 4156 emendat
965 4089 1132 4155 Casauboni.
1164 4089 1257 4154 Efficit
1279 4089 1330 4152 ista
1355 4109 1437 4150 rnen·

441 4187 504 4251 sura
519 4200 645 4252 trecenta
657 4190 804 4267 milliaria3
844 4189 946 4270 quibus
964 4189 1077 4270 singulis
1100 4188 1242 4252 termille
1265 4187 1436 4268 hexapodae
