3225 5017
501 495 575 555 nn
632 493 884 556 sturnus
974 497 980 508 ·
1113 501 1189 588 ¹35

203 651 279 731 supra
298 671 330 732 p.
348 671 418 716 ιη.
436 651 603 724 Vindelicus
618 653 709 714 amnis
731 673 791 716 noo
815 653 888 720 llam
902 652 953 716 sed
966 649 1060 730 lsamr
1088 651 1193 720 saluta·

202 768 262 831 tur,
291 755 423 833 itemque
437 748 570 837 Isargus,
584 751 673 814 hodie
689 746 757 826 Uer.
784 753 825 816 0.

623 917 765 1002 Icanus

202 1107 208 1127 ⁴
237 1115 414 1178 Duqum&
440 1115 565 1178 fluminis
589 1115 617 1176 dr
640 1113 744 1176 castelli
763 1133 892 1189 nomen3
915 1133 985 1178 cave
1002 1127 1098 1180 tamen
1113 1138 1194 1196 pror·

200 1213 243 1278 sus
255 1216 441 1292 expunxeris.
485 1215 558 1275 Sanc
583 1212 669 1274 hodie
693 1215 776 1275 restat
810 1213 887 1274 haud
914 1213 1015 1292 procul
1037 1215 1193 1294 Dyrrachio

202 1316 340 1393 oppidum
360 1307 456 1388 Hismo
483 1313 518 1374 ad
537 1303 604 1372 ostia
629 1312 810 1391 cognominis
831 1311 920 1374 fluvii.
940 1333 967 1376 v.
988 1312 1137 1374 D’rlnvillir
1152 1331 1194 1376 ta·

201 1405 295 1474 hulam
313 1411 449 1472 Graeciae
470 1410 631 1472 hodiernae.
677 1415 770 1490 Atque
790 1410 863 1473 haec
882 1413 956 1474 ratio
972 1411 1030 1488 est,
1053 1411 1091 1474 ob
1106 1432 1193 1490 quam

200 1507 311 1585 Ifanurr
327 1509 471 1572 castellum
490 1513 519 1570 dt
534 1528 649 1571 amnem
663 1509 719 1572 iilis
732 1512 764 1572 in
783 1509 881 1572 tabula
911 1512 1043 1590 autiquae
1059 1511 1194 1574 Graeciae

199 1607 378 1670 substituerit
422 1607 466 1669 lta
480 1626 588 1668 nomen
609 1607 692 1670 effert
704 1609 867 1672 Boccacius.
911 1607 946 1672 In
961 1607 1108 1672 codicibus
1128 1609 1194 1674 scri.

198 1708 253 1785 ptis
276 1706 366 1767 habes
383 1700 522 1780 Ismenus,
539 1706 610 1768 item
636 1701 781 1782 lsaunus,
803 1726 877 1783 quae
894 1708 1012 1784 propius
1032 1709 1068 1768 ad
1080 1707 1194 1768 hodier-

196 1826 269 1872 num
285 1824 395 1868 nomen
405 1806 556 1869 accedunt
579 1803 653 1868 Vide
663 1824 736 1884 quae
750 1804 834 1884 supra
847 1804 884 1866 ad
891 1803 960 1866 Alto
969 1806 1141 1874 notavimus.
1150 1805 1189 1870 Ο.

396 1902 409 1932 0

627 1984 758 2072 Ilerda

203 2183 208 2194 '
237 2182 343 2244 suoru
363 2195 483 2247 vocatur
501 2184 575 2248 infra
605 2185 710 2247 fluvius
726 2184 763 2244 ad
785 2181 911 2244 Ilerdam
936 2181 1042 2244 nostro.
1083 2181 1189 2248 Forsan

197 2292 294 2344 tamen
310 2283 387 2345 &ab
408 2284 496 2358 urbe,
512 2285 561 2364 qui
584 2302 649 2346 mos
667 2283 722 2344 fuir
741 2295 871 2358 tempore
885 2281 994 2342 ruentis
1010 2281 1120 2360 imperii
1131 2281 1190 2365 Ro

197 2381 295 2454 mani,
319 2401 428 2443 nomen
445 2396 613 2464 acceperat,
636 2381 744 2443 etiamli
768 2381 830 2456 ejus
852 2380 893 2440 rei
918 2379 996 2442 nulla
1023 2380 1099 2458 apud
1126 2379 1190 2444 scria

198 2490 293 2555 ptores
308 2481 428 2543 mentio.
470 2481 536 2559 Ast,
556 2482 626 2561 quin
640 2479 717 2541 idem
728 2479 760 2540 in
776 2497 864 2557 opere
876 2479 1001 2558 quodam
1018 2473 1187 2552 nediiaevi,

109 2599 113 2604 ’
195 2579 264 2639 actis
288 2579 458 2642 Sanctorum
472 2592 521 2642 aut
536 2577 739 2659 diplomatibus
761 2578 879 2656 reperiri
909 2576 1016 2658 polim,
1047 2597 1108 2638 non
1136 2577 1187 2640 du·

196 2674 266 2738 bito.
311 2677 432 2738 Gemina
451 2678 496 2739 his
512 2677 594 2757 supra
605 2680 637 2744 in
658 2677 770 2757 Cafflino
782 2678 853 2739 item
869 2677 908 2738 in'
924 2677 1032 2735 Camico
1056 2671 1186 2737 observa-¹

195 2776 308 2849 vimus,
331 2778 359 2838 dr
377 2777 494 2837 morin
514 2776 598 2837 Icano
620 2797 680 2838 non
696 2775 796 2854 susque
812 2777 907 2855 deque
929 2773 1090 2838 habendam
1109 2773 1184 2840 Vibii

191 2873 354 2937 decumam
376 2874 515 2939 ostensum
538 2875 587 2939 est.
630 2875 668 2938 0.

598 3040 766 3127 Inachus

236 3237 408 3320 Μῶα)
430 3239 619 3324 Peloppormefi
638 3239 784 3304 simlerus.
804 3255 834 3306 v.
852 3237 1042 3318 spanhemius
1067 3237 1103 3300 ad
1120 3229 1188 3308 Cal-f

192 3342 352 3405 limachum
372 3343 403 3401 io
419 3339 519 3420 hymn.
536 3341 567 3401 in
584 3339 651 3402 Pall.
684 3361 712 3401 v.
742 3361 787 3414 50.
814 3353 950 3401 nussum
1041 3335 1107 3400 Hoc
1132 3357 1186 3424 no·¹

193 3446 292 3519 mine,
305 3441 405 3505 Inachi
420 3440 542 3516 scilicet,
560 3441 618 3503 duo
638 3439 719 3502 fuere
732 3437 813 3500 fluvii
828 3435 925 3517 priscis
943 3437 1014 3498 noti.
1037 3435 1114 3500 Prior
1132 3437 1186 3500 Arr

193 3564 246 3624 gos
272 3541 390 3620 rigabat.
407 3561 436 3604 v.
455 3538 601 3603 Pausanias
619 3537 685 3601 Cor.
699 3557 725 3600 c.
745 3558 791 3614 ις.
810 3533 957 3599 suauol.
976 3534 1055 3614 vlu.
1065 3557 1095 3616 p.
1112 3550 1184 3613 255⁴*

195 3643 278 3706 Alter
293 3641 498 3714 Acarnaniam,
511 3659 571 3700 non
587 3636 766 3701 Thessaliam.
782 3635 881 3699 Hicin
899 3632 1058 3699 Acheloum
1080 3635 1181 3694 decur-

193 3741 284 3810 rebat.
314 3759 343 3801 v.
365 3738 464 3802 Strabo
485 3739 518 3801 l..
534 3736 600 3803 Vll.
613 3757 643 3816 p.
665 3745 733 3814 32⁶·
753 3736 861 3798 Erroris
879 3733 993 3796 Vibieni
1011 3735 1077 3794 fons
1089 3729 1188 3792 forsan'

194 3839 375 3918 quaerendus
393 3838 423 3898 io
440 3835 602 3916 Sophocle,
617 3837 757 3916 quiapud
768 3831 939 3898 Strabonem
958 3834 990 3897 L.
1005 3830 1055 3902 l'l.
1072 3849 1100 3909 p.
1112 3847 1186 3907 apra

193 3937 338 4000 Inachum
357 3955 395 3996 ex
426 3935 523 4014 primis
546 3936 629 3997 Pindi
647 3936 789 3998 radicibus
823 3949 988 4012 procurrere
1008 3928 1112 3993 scribit.
1156 3927 1186 3991 Is

197 4052 295 4100 autem
320 4036 447 4098 maxima
472 4033 514 4097 soi
538 4024 619 4114 parit
649 4035 738 4098 stabat
761 4037 792 4096 in
813 4029 963 4095 Thelialia.
1007 4043 1032 4090 s.
1060 4041 1178 4092 crorx.

196 4136 241 4202 ab
256 4134 415 4205 amiciffini
434 4134 487 4198 riri
509 4133 646 4196 sententia
670 4134 750 4210 haic⁴
763 4129 959 4196 discelhonem
973 4126 1066 4196 facere
1093 4124 1184 4190 luber.

692 4258 769 4330 14
