3225 5017
493 439 563 501 en
622 395 875 501 suumrnr
1107 434 1184 521 189

579 552 776 697 selenos

203 818 252 871 we
282 804 447 871 Columella
463 805 493 869 L.
521 799 564 871 X.
591 824 621 869 v.
647 819 714 883 ¹34⁴
1185 858 1189 864 .

311 907 452 987 Doeiaqut
472 906 638 987 Parthenope
657 904 796 965 Sebethide
816 902 925 982 ruscida
951 906 1072 992 lympha.

187 1004 448 1070 restaurent
472 1002 541 1067 silv.
564 1003 602 1065 ll.
634 1023 662 1065 v.
684 1010 753 1065 2⁶0.
779 1018 924 1067 nessus..

219 1104 302 1168 Ultra
319 1103 474 1182 Neapolim
492 1104 586 1165 minua
605 1101 684 1163 mille
699 1100 823 1179 pall'rbus
837 1102 947 1169 defluit.
974 1104 1141 1186 Nympham
1159 1102 1191 1173 ei

188 1204 345 1283 praesidere
368 1200 541 1278 eredebant,
566 1201 635 1263 hinc
654 1201 787 1279 Virgilius
808 1202 962 1266 Sebethidis
974 1207 1105 1287 nymphae
1127 1226 1188 1269 me.

192 1304 273 1365 mioit
296 1300 417 1364 Aeneid.
431 1299 494 1362 Vll.
513 1320 542 1367 v.
563 1317 630 1378 734·
663 1300 758 1362 Hodie
772 1299 856 1377 firme
876 1300 951 1361 della
977 1304 1128 1364 Madalma
1145 1306 1188 1371 sa·

193 1397 314 1477 lutatur3
333 1394 508 1479 populariter
527 1418 641 1477 quoque
653 1396 776 1458 Fomellu
792 1400 977 1474 nominatur,
990 1400 1185 1467 teneonelio.

193 1499 226 1562 In
238 1498 345 1572 tabula,
355 1518 411 1577 qua
422 1496 604 1575 Neapolitani
622 1486 781 1559 crateris&
797 1496 911 1560 Vesuvii
922 1498 1093 1577 &Neapolis
1103 1502 1190 1580 ipsus

138 1614 144 1633 ·
188 1599 256 1660 fisus
273 1594 404 1675 depierus
417 1597 558 1671 cernitur,
579 1615 707 1675 quaeque
725 1597 820 1673 primo
836 1608 918 1659 tomo
933 1599 1104 1677 piciumrum
1114 1602 1188 1665 Her-

187 1694 385 1759 culanensrum
398 1694 520 1773 praelixa
542 1696 598 1769 est,
629 1694 772 1756 servatum
798 1697 950 1774 antiquum
974 1699 1053 1760 fluvii
1077 1719 1187 1764 nomeu

188 1796 286 1857 video.
325 1794 370 1856 lbi
385 1796 490 1873 quippe
511 1793 612 1873 legitur
633 1796 718 1853 bocca
735 1793 765 1851 di
790 1794 913 1853 Setemo.
964 1796 1033 1858 Non
1055 1798 1114 1859 line
1135 1802 1188 1863 nil⁴

188 1893 343 1972 spiratione
368 1888 583 1971 exprimendam
613 1911 735 1968 vocem,
775 1890 862 1955 docet
888 1892 959 1972 lapis
987 1896 1065 1975 apud
1086 1898 1188 1963 Grute·

190 2012 254 2056 tum
273 2012 339 2071 pag.
353 1990 459 2059 XCIV.
482 2010 510 2053 n.
536 2010 564 2067 9.

407 2096 438 2157 P.
494 2094 680 2153 MEVIVS.
725 2094 971 2154 EVTVCHVS

555 2201 821 2249 removeam

440 2289 702 2347 RESTITVIT.
737 2298 941 2349 SEBETHO

107 2390 108 2459 ξ
193 2382 266 2452 Cum
288 2383 394 2450 Sabato
419 2381 483 2447 lunt
507 2380 555 2463 qui
583 2384 780 2460 ueniundum,
806 2382 933 2462 pellrme.
988 2382 1094 2449 Contra
1112 2390 1192 2453 κᾶε

107 2464 108 2491 ¹
191 2508 245 2569 pro
260 2487 366 2548 eodem
385 2499 452 2546 cum
470 2478 557 2557 Veseri
573 2483 662 2545 fluvio
677 2482 816 2561 habetur,
838 2484 914 2563 apud
929 2484 1076 2548 Aurelium
1094 2487 1189 2552 vino.

107 2610 108 2667 }
188 2608 253 2651 rem
280 2586 325 2649 bis
340 2598 518 2658 memorato,
548 2584 650 2661 cuique
668 2581 776 2644 Veseris
800 2584 941 2662 oppidum
961 2583 1055 2647 fuerat
1081 2586 1190 2651 adstru-

107 2680 108 2745 i
190 2688 280 2751 ilum.
298 2706 327 2746 v.
354 2682 433 2745 Cam.
454 2680 619 2761 Peregrinus
638 2682 737 2759 Camp.
761 2680 821 2745 Fel.
840 2681 908 2745 Din.
924 2682 963 2748 n
981 2702 1008 2748 c.
1030 2702 1079 2761 2³·
1115 2684 1186 2748 elu-

107 2852 108 2863 ¹
188 2790 271 2850 aerio
288 2800 387 2847 tamen
401 2781 504 2845 arbitro
527 2779 640 2843 nullum
655 2780 763 2842 flumen
786 2779 893 2843 Veseris
909 2782 1028 2843 nomine
1042 2782 1115 2858 fuit,
1126 2796 1191 2845 cor⁴

189 2885 350 2966 ruptusque
375 2882 414 2943 est
434 2880 539 2943 Aurelii
552 2872 672 2942 Victoris
686 2880 776 2942 locus,
798 2900 826 2943 v.
843 2876 906 2942 Ital.
929 2894 988 2941 ant.
1001 2880 1034 2944 L.
1046 2879 1095 2943 IV.
1118 2896 1144 2945 c.
1160 2894 1188 2959 ς.

190 2976 342 3065 Quicquid
366 2980 416 3055 srt,
437 2980 593 3043 Sebethum
618 2980 692 3040 inter
712 2992 798 3057 atque
819 2980 939 3041 Samum
966 2979 1069 3041 fluvios
1105 2980 1188 3043 clade

190 3086 239 3149 sua
256 3104 291 3145 ae
306 3079 421 3143 anastasl
439 3079 542 3157 pariter
562 3074 748 3139 memorabile
768 3076 981 3140 Herculaneum
1003 3080 1143 3157 oppidum
1153 3080 1191 3141 ii.

191 3200 255 3247 tum
270 3176 336 3243 fuit
381 3176 497 3241 Nomen
512 3178 613 3255 fluvii,
642 3176 678 3238 ab
707 3176 842 3238 hebraico
871 3178 983 3257 quippe
1002 3192 1091 3255 mro
1116 3177 1190 3239 deri-

192 3282 341 3355 vandum,
367 3278 509 3356 designare
526 3277 657 3357 quietem,
681 3276 759 3354 quod
777 3276 890 3353 quietus
912 3275 1095 3354 placidusque
1117 3296 1190 3356 pru·

193 3394 317 3454 manet,
334 3379 431 3439 audior
444 3376 483 3437 eii
508 3372 715 3438 D'hancar'ville
730 3372 767 3437 ad
787 3374 957 3438 Hauuiltonii
980 3374 1043 3439 vasa
1059 3375 1189 3443 herum

619 3618 763 3707 Sarnus

237 3843 274 3882 ere
290 3819 383 3897 Sero)
404 3816 517 3881 fortaile
534 3817 688 3899 legendum
708 3821 748 3882 est
761 3842 796 3881 ee
815 3822 901 3883 Samo
917 3837 1013 3886 munte.
1040 3818 1191 3885 Caeterum

201 3920 257 3982 tid.
281 3919 412 3982 Servium
433 3917 470 3978 ad
490 3918 565 3997 Virg.
588 3922 658 3985 Aen.
678 3920 710 3983 L.
728 3920 790 3983 Vll.
810 3941 839 3981 v.
857 3932 929 3999 738.
948 3919 1045 3981 ubiad
1063 3919 1193 4000 Sarrastis

198 4017 312 4099 populos
331 4061 341 4091 ,
363 4018 437 4079 haec
452 4015 554 4079 habet:
576 4018 679 4101 Populi
696 4018 858 4100 Campaniae
868 4013 933 4093 suut
954 4040 973 4077 a
994 4018 1080 4078 Samo
1091 4016 1192 4095 fluvio.
1263 4027 1265 4030 ’

205 4112 290 4175 Conon
312 4116 340 4181 r'n
361 4135 392 4174 eu
409 4114 502 4189 ntro,
514 4136 588 4198 quem
601 4118 634 4176 de
660 4116 747 4177 Italia
759 4111 882 4195 stripfit,
914 4110 1043 4197 quosdam
1062 4110 1195 4199 Pelasgae

955 4368 962 4403 ᾗ
1045 4376 1050 4389 t
