3225 5017
380 560 441 642 70
596 552 783 614 norun
841 547 1161 612 vnnronuru

380 689 473 777 inser.
490 705 526 776 T.
546 709 572 778 1.
585 733 618 784 n.
636 703 747 776 ccvlr.
764 711 891 788 itemque
913 727 948 771 ex
964 707 1072 787 statua,
1086 727 1172 790 quarn
1184 706 1269 772 offert
1281 705 1382 771 Mont-

388 812 496 876 faucon
513 812 608 890 Antiq.
633 811 710 891 erpi.
733 810 770 873 T.
788 809 813 876 Ι.
834 808 874 872 Pl.
892 828 922 884 4.
967 809 1000 874 b.
1021 809 1050 872 d.
1069 808 1118 872 VI.
1137 806 1201 874 Kal.
1218 809 1285 886 ripr.
1298 827 1383 886 pour-

389 929 440 989 pas
457 909 520 971 istas
540 909 656 972 annales
669 909 822 983 celebrari,
845 910 873 970 dr
897 919 1065 986 carpentum
1089 927 1148 984 quo
1169 906 1328 970 vehebatur
1348 905 1383 967 sr-

386 1008 550 1072 mulacrum
564 1008 694 1074 Almoniu
715 1009 801 1072 undio
816 1005 907 1086 perlui
933 1005 1048 1069 solitum
1072 1005 1187 1069 testatur
1215 1006 1383 1068 Ammianus
1516 1012 1519 1030 ¹

389 1106 482 1170 Marc.
508 1107 539 1170 L.
554 1107 669 1170 XXIil.
689 1127 715 1170 c.
738 1115 767 1169 ⁶.
787 1107 923 1170 Ceterum
940 1103 991 1168 soli
1015 1103 1110 1170 nostro
1126 1105 1149 1168 in
1166 1105 1243 1168 rivus
1261 1103 1383 1174 Arnon,

386 1190 502 1284 reliquis
510 1205 592 1268 Almo
606 1207 663 1281 est3
686 1206 775 1267 hodie
790 1205 905 1267 Dachia
919 1203 1112 1277 salutatur,ut
1128 1201 1253 1266 Orteliue
1271 1201 1381 1276 referta

387 1305 536 1368 Cluverius
557 1306 649 1369 Areia
666 1304 714 1367 vel
736 1325 810 1386 aqua
827 1301 947 1372 d'Arcia
964 1304 1020 1365 dici
1043 1301 1157 1376 scribit,
1185 1319 1222 1362 ex
1248 1321 1306 1382 quo
1328 1300 1382 1362 im·

385 1405 487 1481 peritia
508 1403 602 1482 vulgi,
622 1406 704 1485 Aqua
718 1403 831 1466 Daccia
855 1405 882 1464 da
903 1402 1082 1482 Aquaractia
1101 1401 1209 1462 fecerit.
1269 1399 1380 1474 Addit,

386 1501 442 1562 effe
466 1501 660 1565 brevissimum
683 1521 820 1595 amnem,
843 1501 892 1578 qui
908 1502 954 1563 via
966 1503 1057 1582 lippia
1073 1501 1146 1570 inter
1166 1501 1266 1572 fanum
1281 1499 1317 1569 D.
1330 1499 1380 1564 Sc·

256 1685 263 1696 ·
384 1597 546 1664 baiiiani&
570 1606 684 1678 porta'rn
702 1600 847 1680 Capenam
869 1599 984 1668 defluat.
1028 1599 1068 1669 Ο.

825 1763 938 1849 Albis

422 1980 452 2024 v.
469 1960 602 2024 Luoanuo
621 1959 654 2030 L.
674 1959 713 2025 11.
736 1981 765 2027 r.
797 1981 846 2036 51.
865 1975 1003 2026 nassau.

425 2055 583 2139 Cheruscis)
607 2063 806 2138 econjeoura
831 2059 942 2122 Simieri
969 2059 1160 2135 restituimuot
1195 2058 1237 2122 illi
1271 2062 1382 2140 quippe

380 2155 476 2236 Albim
496 2160 570 2220 inter
589 2163 620 2222 ἃ
635 2159 775 2238 Visurgim
797 2157 972 2222 habitabant.
1035 2159 1143 2226 Eorum
1164 2177 1273 2222 nomen
1298 2161 1379 2240 quod

379 2257 475 2318 minut
496 2259 644 2338 cognitum
663 2270 724 2321 erat
735 2256 877 2333 librariis,
892 2259 961 2322 inde
977 2258 1104 2333 facturn,
1120 2270 1227 2322 uttam
1249 2271 1321 2324 tetra
1336 2259 1381 2320 ef-
1442 2316 1444 2320 ,

379 2354 521 2433 fingerent
534 2357 666 2418 monstra
710 2356 863 2420 Caeterum
880 2375 917 2418 ex
931 2355 976 2420 his
999 2355 1063 2435 ipfia
1085 2357 1200 2422 criticae
1221 2357 1288 2420 artis
1300 2355 1379 2419 hand

378 2453 470 2534 ignari
488 2453 624 2517 facillime
633 2449 820 2538 Cheruscorum
831 2453 877 2517 vel
894 2447 1081 2532 Ceruscorum,
1097 2467 1131 2518 ut
1145 2453 1280 2534 scripturn
1296 2453 1381 2516 fuiffe

380 2538 515 2625 uidetur,
538 2571 646 2614 nomen
659 2551 769 2614 latitare
783 2540 954 2633 intelligent.
998 2553 1095 2618 Hodie
1114 2553 1217 2616 fluvius
1229 2553 1299 2618 albis
1307 2553 1379 2616 Elbe

381 2647 503 2725 dicitur3
527 2652 606 2730 quod
621 2642 730 2713 nomen
743 2650 888 2741 Fabricius
917 2654 948 2714 in
973 2652 1070 2715 Rebus
1085 2651 1213 2716 Misnicis
1226 2673 1243 2714 a
1256 2670 1379 2722 numero

380 2749 540 2839 undenario
561 2750 750 2816 derivandum
775 2751 893 2828 statuit3
934 2751 955 2812 sr
984 2752 1099 2830 quidem
1123 2752 1259 2819 undecim
1282 2751 1380 2818 fontes

380 2846 412 2907 in
434 2847 618 2912 formandum
640 2870 706 2914 eum
721 2851 842 2912 fluvium
862 2869 898 2911 ex
914 2850 1058 2930 Hercynia
1078 2846 1144 2912 filva
1159 2850 1303 2935 profluere
1324 2869 1380 2926 pu·

381 2955 487 3006 tantur.
532 2947 654 3038 Bohemi¹
668 2961 765 3010 tamen
782 2949 857 3012 Labe
878 2951 979 3016 dicunt
995 2951 1137 3014 orientem
1149 2947 1228 3014 hunc
1249 2967 1377 3010 amnem.

380 3037 499 3104 Veteres
518 3045 619 3108 Graeci
637 3067 670 3117 ac
687 3047 779 3110 Latini
794 3047 943 3126 scriptores
967 3049 997 3109 in
1021 3050 1140 3112 nomine
1160 3047 1241 3109 Albis
1267 3043 1380 3124 conspi-

380 3151 465 3213 rant,
485 3142 536 3203 nist
550 3145 627 3222 quod
640 3145 728 3209 Dioni
736 3146 768 3213 L.
786 3147 845 3212 LV.
862 3167 886 3216 c.
904 3167 929 3214 r.
951 3147 991 3210 est
1008 3145 1124 3222 rinna,
1146 3146 1189 3213 lib
1204 3146 1327 3224 Vopisco
1347 3147 1380 3210 in

382 3235 476 3331 Brobo
493 3261 557 3323 cap.
574 3264 622 3338 ι).
639 3244 735 3328 Alba,
754 3246 851 3310 medio
872 3264 945 3312 aevo
957 3245 1044 3316 Albia
1057 3233 1230 3316 nominatur.
1254 3245 1292 3314 Ο,

816 3410 930 3496 Aous

422 3598 513 3666 Redie
524 3599 658 3671 simlerus
672 3603 741 3685 legit
751 3574 848 3681 dous,
863 3607 1017 3687 legendum
1031 3609 1116 3670 etiam
1125 3605 1232 3674 Ionium
1240 3650 1252 3682 ,
1272 3623 1380 3686 nempe

380 3715 476 3764 mare:
499 3702 542 3763 Ad
554 3701 710 3767 sanandum
727 3721 824 3770 autern
840 3707 954 3769 Vibium
968 3707 1095 3786 apposite
1104 3707 1235 3772 Lucanus
1242 3704 1293 3781 vl,
1308 3713 1377 3783 361,

505 3827 598 3886 Purus
616 3828 645 3887 t'rt
666 3829 798 3905 occulus,
812 3831 897 3912 parvi
907 3827 959 3909 sed
972 3831 1108 3916 gurgitis,
1137 3833 1222 3891 Aeas

505 3925 584 3987 Ionio
596 3927 664 4007 fluit
685 3929 747 3990 inde
770 3929 848 3992 mari.

383 4023 513 4082 Aeantem
535 4028 613 4098 enirn
639 4029 778 4090 &Aoum
800 4029 927 4091 eundem
946 4027 1002 4090 effe
1021 4028 1130 4092 dicunt.
1174 4023 1276 4088 Studio
1291 4025 1379 4087 etiarn

382 4121 424 4180 rei
442 4126 616 4186 nummariae
638 4148 667 4190 v.
692 4124 832 4191 Harduini
851 4129 919 4192 NN.
935 4129 1024 4206 antiq.
1045 4146 1115 4206 pop.
1138 4126 1166 4186 dc
1193 4122 1256 4214 urb.
1277 4123 1376 4184 illustr.

384 4213 451 4298 pagss
469 4228 522 4283 2⁶.
547 4238 684 4290 nasson.
770 4227 923 4291 Rocoacius
940 4227 1119 4289 recreantem
1135 4223 1222 4297 dicit,
1254 4221 1329 4284 maie
1350 4217 1379 4278 in
