3225 5017
524 489 594 548 ΑΙ)
653 486 880 554 MONTES
1112 499 1188 582 293

630 687 755 800 Alpes

235 904 264 948 v.
287 884 419 950 Luoanue
440 881 527 946 1..11.
549 903 576 945 v.
599 895 669 957 428.
695 899 833 947 nasset.
939 884 1055 974 Alpium
1080 908 1186 960 nomen

192 984 272 1062 apud
288 981 385 1046 Gallos
404 981 548 1044 montibus
564 980 626 1043 altis
638 982 719 1046 fuisse
732 1001 909 1058 commune,
930 983 967 1048 src
986 985 1049 1050 satis
1068 989 1185 1056 constat.

193 1081 302 1164 Alpia,
330 1079 417 1146 Albia
428 1123 440 1153 ,
464 1079 593 1156 Albium,
610 1080 743 1161 Alpionr‘a
766 1081 813 1144 vel
832 1102 884 1160 pro
902 1083 1045 1146 montibus
1068 1085 1113 1148 vel
1134 1107 1188 1166 op·

192 1181 270 1259 pidis
294 1181 324 1243 in
348 1177 494 1244 montibus
519 1178 574 1240 litis
588 1193 722 1260 accepta,
752 1183 867 1242 auclore
888 1181 1026 1244 Strabone
1046 1203 1081 1248 eo
1102 1185 1187 1264 loco,
1285 1174 1289 1182 ’

193 1298 255 1356 quo
274 1277 335 1341 fuse
356 1276 488 1344 describit
508 1275 611 1355 Alpes,
636 1278 665 1340 l..
682 1278 732 1378 Ν(
756 1298 785 1362 p.
806 1297 879 1344 202.
903 1279 944 1344 lix
968 1281 1068 1344 eadem
1094 1285 1188 1350 radice

194 1376 352 1443 derivanda
371 1373 519 1454 comploro
531 1375 663 1445 urbium,
686 1378 854 1456 regionum,
873 1381 1018 1458 gentium,
1036 1382 1190 1450 fluviorum

195 1475 336 1548 nomina,
358 1472 485 1548 Albula,
511 1473 624 1548 Albici,
662 1475 767 1546 Albis,
795 1476 888 1554 Alba,
921 1479 1041 1555 Albam,
1070 1481 1191 1556 Albion,

193 1571 345 1638 Albumrrr.
369 1571 515 1653 Originem
533 1571 671 1640 Gallicam
690 1577 769 1637 vocis
790 1574 873 1640 sensrt
891 1579 1067 1654 orleteile,
1090 1583 1137 1659 qui
1153 1583 1190 1650 ad

194 1669 306 1748 Virgilii
322 1669 425 1748 Georg.
447 1669 477 1734 1..
494 1669 546 1732 Ill.
564 1691 593 1733 v.
612 1691 684 1750 474.
703 1675 805 1738 Aerias
825 1673 936 1755 Alpes)
955 1677 1040 1756 idest
1057 1679 1189 1746 Galliam.

195 1771 237 1830 Et
251 1768 504 1842 dicendo‚ae”rias‚
525 1771 631 1830 verbum
650 1769 770 1855 expreffir
791 1793 827 1830 ex
842 1773 929 1844 verbo.
959 1775 1034 1834 Nam
1053 1777 1192 1844 Gallorum
1266 1762 1268 1766 .

196 1865 292 1955 liigua
313 1865 367 1926 alrl
387 1884 487 1926 montes
505 1866 581 1948 alpes
608 1886 749 1934 vocantur.
795 1869 884 1953 Quod
910 1873 1061 1940 confirmat
1090 1875 1197 1940 Philar-

196 1968 293 2046 gyrius
308 1966 346 2027 ad
362 1963 460 2043 loeum
481 1965 625 2041 eundem,
654 1968 781 2045 itemque
802 1969 925 2034 Isidorus
954 1971 1061 2052 Hispal.
1093 1975 1196 2054 origin:

196 2065 230 2128 1.
247 2061 329 2126 xlv.
348 2083 373 2125 c.
396 2075 425 2136 8.
468 2064 584 2128 Servata
610 2067 674 2128 roci
694 2065 742 2129 sua
762 2067 926 2146 fignificatio
957 2071 1043 2134 etiam
1072 2071 1193 2152 sequiori

198 2185 271 2228 aevo
289 2163 366 2249 apud
388 2162 545 2231 Germanos
561 2165 590 2224 δι
602 2163 732 2226 Gothos.
753 2165 806 2226 lta
825 2165 970 2232 Noalrerus
989 2167 1095 2230 Psalmo
1116 2171 1194 2240 CllI.

199 2275 249 2335 18,
273 2260 307 2327 In
321 2259 381 2321 dim
399 2259 491 2326 lochen
504 2261 566 2327 dero
591 2260 691 2342 alpert,
713 2263 745 2328 in
761 2253 891 2326 &avernis
910 2267 1062 2333 montium·
1095 2267 1128 2332 In
1149 2271 1196 2340 iti-j

199 2361 311 2433 aerario
325 2358 391 2434 Joh.
408 2358 588 2424 Mandevillli
607 2361 730 2438 equitis,
758 2361 794 2424 ab
810 2362 920 2430 Ottone
936 2364 1194 2448 Dimmeringensr,
1321 2383 1339 2396 ·’
1427 2403 1430 2409 -

201 2465 231 2524 in
249 2459 447 2556 Germanicam
467 2458 561 2537 lingua
582 2460 735 2536 translato,
769 2463 905 2543 quodque
929 2483 1014 2528 manu
1047 2480 1194 2536 exaratum

198 2563 230 2624 {n
250 2559 298 2628 sua
315 2557 488 2637 supelleliile
509 2557 608 2626 habuit
632 2557 698 2632 Joh.
727 2559 865 2638 Georgius
889 2561 1038 2627 Scherzius
1065 2565 1195 2644 nostras,

199 2682 229 2740 p.
253 2655 362 2727 ωδ.
390 2657 447 2715 uad
462 2655 493 2738 ist
522 2656 590 2721 aoclr
621 2651 740 2737 derfelbe
758 2658 897 2741 lingerio
922 2661 977 2742 derr
1001 2659 1130 2743 alpert-in
1160 2665 1195 2736 S,

200 2745 369 2824 seclenlrlrclr
387 2775 421 2836 (u
441 2755 554 2836 sebaste.
586 2753 621 2821 In
632 2755 812 2834 Tyrolisrrher
829 2758 1056 2840 Landeordnung
1070 2761 1100 2824 L.
1117 2761 1153 2826 ll.
1165 2784 1192 2832 o.

199 2869 252 2929 34.
270 2853 373 2932 legitur
399 2853 467 2918 Vrclr
481 2850 623 2945 pfarrdurrg
638 2855 666 2912 in
685 2855 812 2930 scaelera,
833 2857 923 2917 Alberr
947 2859 1004 2918 uad
1023 2855 1082 2948 auf
1097 2863 1197 2926 andem

203 2954 317 3019 Gilrerrr.
354 2949 475 3028 Collegit
493 2954 520 3012 ἃ
544 2951 598 3012 alia
619 2953 751 3031 exempla
774 2954 873 3016 similia
892 2957 1044 3028 Scherzius
1060 2959 1091 3021 io
1113 2961 1197 3032 Glos-¹

201 3051 272 3118 sario
284 3050 334 3112 suo
342 3050 524 3124 Germanico,
536 3069 623 3128 opere
639 3052 750 3130 prorsus
770 3055 877 3116 eximio
893 3057 920 3118 ἃ
936 3053 1021 3142 longe
1034 3056 1195 3136 utililsrmo,

202 3152 280 3230 quod
300 3149 401 3228 optimi
418 3149 470 3209 viri
487 3167 574 3215 manu
591 3149 726 3228 scriptum
742 3151 819 3227 apud
836 3172 889 3214 nos
913 3153 944 3213 in
965 3151 1058 3227 α’ρχιίᾳ
1078 3153 1195 3234 publico

201 3253 262 3325 jam
284 3267 335 3326 per
354 3247 466 3325 triginta
485 3266 575 3308 annor
592 3248 740 3314 delitescit.
773 3251 866 3327 litque
882 3251 1011 3326 utinam,
1043 3257 1196 3322 nonenim

201 3349 309 3411 abhoc
328 3361 396 3408 voto
415 3362 573 3426 temperare
590 3348 661 3410 mihi
671 3345 796 3426 possum,
820 3347 892 3417 milri
909 3349 1027 3416 tandem
1047 3353 1196 3433 contingat

203 3448 260 3512 eise
285 3461 344 3509 tam
367 3446 473 3520 beato.
495 3461 528 3529 or
550 3445 614 3524 plus
636 3447 687 3508 otii
705 3449 733 3507 ἀ
754 3445 795 3506 sat
812 3445 1005 3525 suppetiarum
1029 3453 1127 3522 naslus
1148 3471 1198 3518 ex·
1232 3477 1236 3490 ·

202 3547 345 3612 trahendo
359 3545 509 3608 etenebris
522 3545 564 3606 isti
574 3543 691 3620 ιειμηλίᾳ
703 3565 821 3609 manum
836 3547 990 3610 admovere
1007 3549 1077 3612 mihi
1093 3549 1196 3618 liceat!

203 3648 308 3724 Neque
319 3658 416 3708 autem
434 3643 578 3707 necessum
594 3643 649 3721 else
666 3643 803 3719 arbitror,
835 3655 868 3706 ut
893 3658 970 3708 totus
998 3645 1046 3706 ille
1071 3645 1197 3710 Scherzil

201 3745 283 3808 labor
299 3745 331 3804 in
347 3741 491 3821 publicam
509 3741 605 3805 lucem
618 3743 753 3820 prodeat;
776 3743 913 3822 srquidem
926 3742 1068 3822 permulta
1082 3742 1198 3813 insunt,

204 3864 222 3905 a
243 3841 359 3919 reliquis
373 3840 576 3903 G-lolsariorum
594 3841 754 3904 architerlis
774 3857 891 3921 accepta
908 3857 1026 3905 mutuo:
1061 3840 1131 3915 sed,
1147 3862 1195 3902 me

205 3941 325 4021 quidem
345 3940 459 4016 judice,
478 3958 512 4000 ea
522 3941 627 4013 juverit
640 3953 728 4018 atque
750 3940 891 4006 suffecerit
915 3936 1094 4014 decerpsrlse,
1125 3959 1197 4016 quae

207 4041 321 4118 propria
341 4037 390 4099 sibi
406 4056 443 4098 ox
463 4036 602 4101 sexcentis
622 4038 729 4116 scriptis
749 4043 872 4099 maxime
892 4035 1060 4098 nostratibus
1078 4035 1196 4100 sollicite

184 4194 188 4205 .
210 4136 332 4201 colleela
350 4137 476 4198 vindicat
499 4136 665 4209 Scherzius,
688 4156 760 4279 (mle
778 4136 944 4196 testimoniis
966 4132 1037 4194 solta
1064 4133 1118 4198 suis
1147 4137 1223 4226 lio-¹

772 4237 785 4295 3
