3225 5017
399 496 458 582 50
615 478 797 539 NOTAE
856 473 1178 541 VARIORUM

398 647 489 727 lege,
527 640 658 705 inutilem
688 636 744 701 else
779 647 873 701 ratus:
901 636 979 715 quod
994 637 1247 717 nonnegaverim,
1273 639 1399 705 minime

398 762 496 819 tamen
522 740 675 805 delendam
706 738 845 799 existimo.
888 736 983 813 Quam
1010 734 1092 815 saepe
1126 738 1203 799 enim
1228 731 1400 817 superuaca-¹

397 864 469 909 neae
487 842 563 921 apud
589 838 695 919 probos
717 840 846 899 austures
871 847 1026 898 occurrunt
1055 838 1172 898 voces?
1238 837 1395 901 Suetonius

398 943 476 1009 Caes.
494 962 556 1021 cap.
575 958 602 1003 a.
623 939 692 997 inter
699 954 806 1021 paucos
829 932 886 994 dier
898 930 989 1011 rursus
1009 934 1121 1016 repetita
1141 935 1281 1017 Bithynia,
1309 937 1392 999 suffi.

397 1058 475 1107 ceret
497 1040 631 1119 equidem
659 1036 779 1099 verbum
804 1052 934 1117 reperere,
959 1053 1019 1095 non
1040 1046 1138 1095 tamen
1160 1035 1200 1096 est
1224 1054 1392 1115 expungen-

396 1144 466 1205 dum
486 1144 513 1195 τὶ
536 1133 644 1213 rursus,
670 1138 704 1197 u‘t
724 1134 800 1197 r'etie
824 1134 933 1195 ibidem
955 1132 1040 1195 sentit
1062 1132 1075 1188 i
1096 1128 1160 1189 adm
1183 1132 1393 1212 casaubonus,

192 1274 229 1356 '
397 1242 445 1319 qui
469 1239 541 1301 haec
567 1254 602 1297 err
620 1233 747 1297 Poenulo
768 1232 858 1295 Plauti
878 1228 996 1295 addu'cit
1022 1230 1109 1293 verba
1138 1232 1269 1293 Revertor
1297 1231 1394 1311 rursus

396 1341 480 1398 deuito
513 1334 704 1417 Carthaginem.
759 1328 844 1394 Extat
871 1334 898 1395 u
921 1331 984 1393 talis
1014 1329 1096 1395 locus
1129 1333 1205 1410 apud
1241 1319 1392 1413 Hypium

352 1492 361 1517 ,
395 1436 505 1501 Astron.
521 1434 598 1496 Poet.
613 1432 677 1498 libr.
694 1430 870 1508 ll.‚cap.14.
897 1451 959 1510 pag.
973 1442 1042 1509 381.
1062 1431 1119 1491 Pro
1135 1427 1270 1512 paefatio
1292 1432 1329 1492 ab
1348 1457 1389 1493 re·

393 1536 460 1619 gina
489 1530 636 1615 Omphale,
667 1551 734 1612 quae
760 1530 877 1620 tumidi
898 1534 1107 1613 tegenhardo.
1163 1530 1290 1593 Primum
1311 1529 1392 1595 *illud

394 1635 485 1716 regina
500 1630 633 1710 glossema
648 1630 793 1709 praedicat
813 1629 990 1710 munsterus,
1010 1632 1220 1713 conregnabat
1235 1629 1390 1710 sequatur,
1421 1669 1423 1676 ,

392 1748 479 1811 atque
499 1730 591 1793 abesse
616 1731 647 1789 in
673 1749 731 1791 uno
757 1728 949 1807 manuscripto
977 1730 1075 1806 dicit;
1110 1729 1189 1808 quod
1218 1747 1266 1789 me
1290 1741 1391 1791 tamen

393 1850 454 1892 non
472 1844 588 1904 movet,
619 1841 652 1891 ut
679 1828 823 1905 vulgatam
843 1828 995 1891 lectionem
1012 1830 1136 1892 abdicari
1151 1828 1248 1891 velim.
1297 1830 1391 1908 Quod

393 1946 490 1991 aurem
516 1929 552 1990 ad
573 1928 711 1989 Achatem
728 1928 867 2001 flurium,
890 1931 919 1990 u
940 1930 970 1990 in
990 1948 1026 1990 eo
1038 1930 1391 2008 primuminrentunrco·

393 2030 561 2108 gnominem
588 2026 736 2106 lapidem,
762 2028 809 2088 adi
838 2026 960 2090 Plinium
991 2028 1024 2091 I..
1052 2027 1211 2090 XXXVII.
1241 2046 1305 2106 cap.
1338 2048 1391 2091 ro.-

286 2164 294 2185 .
392 2124 564 2190 &solinum
588 2144 651 2203 cap.
680 2146 705 2201 ς.
736 2138 822 2203 atque
843 2124 982 2189 lidorum
1004 2127 1083 2206 Orig.
1106 2127 1138 2191 L.
1158 2125 1239 2189 XIV.
1269 2144 1333 2205 cap.
1353 2136 1387 2194 6.

319 2218 321 2223 ’
390 2240 511 2288 σιω».
565 2222 667 2287 Invitis
685 2225 859 2286 membranis
879 2225 959 2287 nolui
979 2239 1144 2304 corruptam
1163 2245 1265 2287 vocem
1287 2244 1390 2287 emen-
1437 2270 1440 2273 -

390 2325 477 2400 dare;
511 2326 580 2401 quin
602 2338 698 2385 tamen
723 2324 823 2385 Vibius
843 2323 982 2402 scripserit
996 2323 1084 2401 olim,
1103 2324 1167 2404 qui,
1188 2323 1283 2385 nullus
1303 2324 1388 2385 dubi·

389 2434 442 2497 tu,
466 2440 503 2482 ex
527 2441 584 2498 quo
599 2440 676 2481 mera
701 2420 880 2484 librariorum
903 2422 1048 2485 oscitantia
1078 2422 1152 2484 istud
1183 2425 1230 2481 ubi
1254 2422 1385 2490 exclusit.

387 2520 433 2583 De
451 2518 545 2597 lapide
562 2519 669 2581 Achate
688 2520 726 2581 es.
744 2522 772 2582 dt
791 2518 1004 2599 Theophrastus
1024 2522 1061 2583 de
1085 2520 1228 2599 lapidibus
1258 2540 1287 2599 p.
1315 2528 1404 2599 396..

390 2622 419 2681 dt
434 2618 593 2681 Marbodus
610 2620 647 2680 de
669 2617 724 2696 lap.
750 2615 863 2696 pr'etios
890 2640 952 2697 cap.
976 2639 1003 2682 2.
1029 2620 1164 2682 Ceterum
1186 2621 1217 2679 in
1241 2618 1333 2681 Plinio
1351 2618 1384 2681 L.

380 2718 440 2780 ill.
466 2737 492 2783 c.
514 2729 542 2789 8.
564 2716 709 2796 legebatur
729 2718 815 2795 Aris,
849 2718 983 2781 Cluverio
1006 2717 1164 2796 suspectus,
1195 2716 1260 2793 sed,
1293 2738 1386 2796 quum

387 2818 502 2879 codices
516 2816 610 2894 scripti
620 2816 779 2894 praeferant
792 2817 919 2899 Agathe,
944 2817 1091 2880 Salmasius
1109 2818 1139 2877 in
1154 2817 1225 2881 Plin.
1240 2837 1270 2896 p.
1292 2834 1339 2894 79.
1355 2820 1385 2880 ἀ

385 2914 549 2977 Harduin'us
579 2916 616 2975 ad
637 2913 655 2975 l.
675 2936 702 2978 c.
730 2914 797 2977 scite
826 2917 1012 2994 reposuerunt
1037 2918 1170 2979 Achates.
1229 2915 1384 2978 Ptolemaei

315 2998 323 3031 '
384 3011 502 3088 'Axitror‚
519 3013 597 3074 idem
614 3013 708 3075 forsan
724 3016 924 3099 cumlAclrarro
942 3015 1001 3077 Silii
1013 3016 1045 3082 L.
1055 3014 1135 3077 XIV.
1152 3036 1181 3077 v.
1193 3022 1261 3091 269.
1273 3034 1385 3076 nomen

383 3110 405 3197 si
426 3111 575 3192 respicias,
590 3114 738 3193 quadraret
752 3114 817 3176 satis
830 3137 840 3190 ;
865 3114 932 3180 situs
948 3115 1026 3177 lraud
1042 3115 1188 3176 convenit.
1218 3112 1276 3175 Hic
1284 3125 1383 3175 tamen

383 3212 495 3291 prorsus
521 3204 635 3277 videtur¹
655 3214 775 3289 dubius,
799 3214 876 3293 quod
896 3212 1011 3291 quidem
1038 3210 1141 3281 efficit,
1177 3223 1210 3273 ut
1225 3229 1297 3287 nec,
1321 3230 1380 3289 quo

381 3312 501 3381 nomine
515 3312 569 3375 hac
583 3314 749 3393 tempestate
764 3315 885 3386 veniat„
896 3313 959 3374 satis
981 3310 1100 3378 constet.
1151 3310 1195 3373 Ex
1211 3323 1309 3372 mente
1328 3310 1382 3372 Le·

383 3399 483 3485 dird'ri,
496 3412 607 3495 Ortelio
625 3415 724 3499 citati,
751 3416 869 3473 Cartare
880 3410 1048 3490 appellatur.
1068 3408 1260 3473 FazellaDec.
1272 3408 1296 3469 l.
1306 3406 1338 3470 1.
1354 3407 1379 3470 l}

384 3507 454 3569 dicit
467 3506 716 3587 flumen'Salfiuri,
742 3511 793 3573 sed
808 3514 872 3588 jure
893 3510 943 3573 suo
965 3510 1184 3589 reprehenditur
1210 3529 1228 3570 a
1245 3506 1381 3569 Cluverio

337 3594 342 3603 ’
380 3604 436 3667 Sic.
462 3620 520 3669 ant.
550 3608 581 3670 L.
597 3608 620 3670 I.
652 3630 682 3687 p.
712 3600 782 3675 201¹.
824 3610 971 3686 Harduino
999 3610 1048 3671 ert
1063 3608 1163 3672 Belice.
1232 3606 1290 3670 Hic
1310 3623 1380 3685 ergo

380 3704 521 3773 Achatem
546 3708 700 3771 confundit
723 3728 790 3771 cum
810 3707 922 3787 Hypsa,
955 3710 1022 3771 ideo
1050 3720 1165 3771 notatus
1195 3726 1213 3769 a
1237 3705 1380 3769 Dorvillio

375 3802 526 3891 dissimile
550 3826 612 3885 pag.
635 3819 683 3885 78„
709 3808 758 3886 qui
787 3808 819 3866 de
832 3807 889 3885 stru
900 3807 1040 3881 Aesaris,
1069 3806 1149 3869 addit
1173 3824 1237 3884 pag.
1256 3815 1304 3875 80.
1333 3801 1381 3864 uel

379 3900 504 3982 Csvarrio
523 3906 699 3989 bdslr'ptsarer
728 3906 863 3985 <Siciliae
877 3906 942 3970 suae
957 3925 1020 3984 pag.
1040 3905 1147 3980 201..)
1175 3897 1267 3977 versus
1281 3901 1381 3963 cama.

378 4000 463 4059 tinam
490 4007 645 4086 reponenti,
675 4004 721 4068 nel
744 4005 858 4089 ingnote
870 4003 992 4085 faterer,
1015 4003 1085 4065 nihil
1098 4002 1162 4066 certi
1175 3994 1302 4075 nescire.
1340 3999 1378 4084 lq
1423 4025 1426 4031 ¹

378 4095 579 4167 ll’ilnvillianie
605 4105 714 4171 Siciliae
738 4106 874 4181 tubulis‚.
899 4104 951 4169 ubi
973 4102 1111 4187 sedatius
1146 4100 1251 4178 aliique
1267 4100 1377 4163 locant
