3225 5017
558 473 634 532 mn
693 473 949 534 snumrurr
974 453 993 482 ¹
1182 479 1233 560 71

241 629 403 696 Maeoniam
423 630 593 705 decurrere,
616 631 716 694 vitiato
734 631 822 692 nostri
839 631 974 710 exemplo
988 632 1062 696 usur.
1106 634 1189 712 Quae
1203 637 1240 698 de

241 732 344 794 Aoi&
366 730 483 790 Aemus
503 729 607 792 eadem
631 729 836 809 fignificatione
857 730 952 796 scribit
969 730 1126 806 Hellelius,
1140 732 1240 796 iisdem

241 828 338 890 verbis
351 829 511 891 Hecataeus
529 828 615 890 tradit
626 829 705 907 apud
712 830 883 892 Strabonem
893 829 1002 906 L.Vll,
1018 851 1047 910 p.
1068 840 1135 910 3¹⁶·
1158 833 1240 894 irem.

243 945 301 1004 que
324 925 432 990 Plinius
450 927 489 992 ll
504 927 655 1002 N.L.lll,
674 946 721 1006 23.
744 929 783 990 cf.
799 931 828 991 de
850 949 899 1004 ea,
918 931 1082 1008 quaeinfra
1099 931 1135 992 ad
1145 932 1241 1006 liaeus

240 1022 405 1088 afferemus.
448 1025 599 1090 Caeterum
619 1025 781 1090 Ravenmti
809 1047 955 1106 anonymo
971 1024 1074 1106 Aiofus
1105 1027 1239 1098 salutatur

242 1120 595 1194 isfluviumrtolemaeo
616 1124 692 1187 Laus
714 1127 801 1200 halaq
825 1125 874 1188 sed
885 1127 1046 1192 tollendum
1065 1127 1130 1190 heic
1144 1131 1239 1206 potius
1326 1184 1327 1193 ,

244 1222 363 1297 vitium,
372 1221 549 1304 immillaque
558 1221 675 1302 linguali
685 1221 796 1287 litterae
810 1225 964 1288 transversa
974 1246 991 1288 a
1001 1225 1120 1288 librariis
1130 1227 1237 1303 nmilia,

245 1319 427 1386 scribendum
443 1321 519 1384 Α’ὂσς.
561 1322 657 1385 Hodie
680 1335 778 1384 tamen
799 1321 930 1402 lingualis
949 1325 980 1388 iu
1006 1325 1126 1388 nomine
1142 1327 1237 1402 adest,

244 1419 384 1500 liquidem
404 1422 465 1480 Lao
478 1436 614 1492 vocatur,
632 1421 680 1482 sed
693 1421 746 1481 illa
765 1440 802 1483 ex
827 1421 947 1490 articulo
968 1421 1097 1502 praefixo
1124 1423 1239 1494 coaluit.

243 1517 364 1588 Marius,
378 1520 466 1598 Niger
484 1520 582 1606 Piergo
599 1521 656 1581 dici
670 1518 783 1596 arserit,
802 1521 940 1584 barletius
968 1517 1092 1598 Vaurffir.
1130 1523 1167 1584 cf.
1187 1523 1241 1584 Or·

243 1617 340 1680 telius
365 1617 472 1680 Verum
490 1618 585 1702 Pyrgo
604 1637 621 1680 e
643 1637 746 1698 graeco
768 1616 875 1696 πύργος,
898 1622 1001 1696 turris,
1023 1620 1128 1686 castelli
1147 1624 1242 1684 &vici

243 1717 284 1778 ad
299 1736 380 1780 oram
396 1717 567 1778 maritimam
586 1716 675 1780 locati
689 1719 786 1796 potius
804 1737 913 1780 nornen
940 1719 990 1784 est.
1055 1719 1100 1782 De
1133 1713 1242 1800 Vovifflr

241 1834 306 1880 uon
320 1814 420 1895 liquet
440 1814 593 1899 Apollonia
606 1836 686 1881 nuuc
701 1830 836 1896 corrupte
854 1816 955 1882 Paliae
970 1816 1114 1884 salutatur.
1139 1817 1176 1884 O.

694 1981 802 2068 Alto,

284 2178 419 2242 Eruditus
433 2176 484 2248 Vir
501 2175 654 2240 Palmerius
670 2176 755 2239 istum
775 2177 896 2239 fluvium
913 2176 997 2244 ri'mu
1015 2177 1071 2240 elle
1089 2180 1240 2270 conjectae,

240 2279 328 2354 ‘cujus
349 2275 503 2356 Aeschylus
525 2275 657 2336 meminit
667 2276 697 2336 in
714 2273 842 2354 supplic.
850 2297 879 2337 v.
898 2275 998 2338 Graec.
1017 2275 1105 2354 antiq.
1119 2297 1149 2356 p.
1172 2297 1238 2340 ιιι.

244 2375 349 2456 Scylax
363 2379 496 2448 nampio
509 2375 597 2449 dicit,
620 2373 746 2452 suspecla
764 2373 866 2450 ledlio,
884 2371 995 2437 Voffius
1005 2375 1035 2435 in
1049 2395 1136 2455 marg.
1147 2396 1175 2456 p.
1191 2396 1236 2453 lq.

244 2487 384 2542 Russus.
467 2468 617 2554 Dyrrachii
639 2473 827 2552 topographia
842 2493 926 2536 curae
947 2473 1084 2554 cordique
1113 2474 1167 2536 fuit
1189 2496 1241 2539 no-

241 2577 316 2649 stro,
339 2593 440 2637 verum
456 2585 505 2637 aut
519 2573 630 2634 mendis
647 2571 703 2634 illa
718 2571 804 2639 scatet
826 2571 909 2634 solito
929 2571 1181 2650 frequentioribus,
1192 2586 1240 2638 aut

243 2674 349 2752 reliqui
370 2672 436 2734 heic
454 2674 621 2735 coecutiunt
635 2671 812 2751 geographi,
834 2670 908 2733 solus
930 2669 1002 2750 sapit
1023 2669 1133 2731 Vibius.
1147 2668 1239 2758 ,Adeo

241 2774 368 2853 plurima
383 2771 536 2834 fluviorum
554 2772 753 2848 montiumque
769 2771 885 2831 nomina
910 2787 945 2830 eo
971 2765 1144 2846 spatiantia,
1162 2752 1240 2835 Altrl,

242 2872 370 2944 lcanus,
389 2869 526 2944 Ululeus,
546 2870 672 2947 Boreas,
694 2869 852 2944 EridanuS,
875 2865 1049 2950 Oeniphile,
1072 2865 1133 2931 aliis
1156 2865 1239 2946 peni·

243 2984 290 3033 tus
307 2968 472 3046 incognita,
493 2969 571 3046 apud
588 2968 715 3032 nostrum
735 2967 828 3032 solum
850 2977 1013 3034 occurrunt.
1042 2965 1080 3028 Ο.

637 3121 846 3249 Arimaspe

287 3333 492 3408 conreauram
514 3329 625 3395 Slmleri
639 3325 788 3413 Arimaspe
802 3329 922 3410 legentis
939 3345 1000 3390 non
1017 3326 1242 3409 Aumqfipacon.

244 3434 342 3497 fimat
367 3431 430 3492 urs.
450 3430 516 3492 cor.
539 3428 627 3505 (uer.
645 3431 784 3507 cmv.)
803 3449 890 3512 aqua
908 3427 1239 3494 rearonenonmureun
1336 3401 1338 3410 ’
1410 3461 1426 3478 -

235 3532 357 3597 abludit
373 3530 503 3592 Lucanus
520 3527 552 3590 L.
568 3527 621 3590 lll.
644 3549 672 3594 v.
689 3540 758 3600 280·

329 3655 406 3717 runc
428 3655 455 3720 t«
474 3655 613 3716 Sithoniae
642 3673 753 3738 gemes,
775 3675 891 3735 auroque
911 3653 1014 3738 ligatas

329 3754 508 3838 Sulstringeur
531 3748 675 3836 Arimaspe
700 3774 799 3818 comos.

247 3880 277 3943 a
303 3877 367 3940 llbr.
392 3877 455 3940 Vll.
479 3899 507 3940 v.
531 3899 600 3956 755.

238 4007 243 4017 “
335 4002 478 4082 Quidquid
486 3967 564 4082 fhdit
586 3997 818 4086 Ibir,'quidqmd
840 4003 931 4085 Tagus
951 3991 1055 4084 expulit
1075 3994 1136 4056 auri
1147 4038 1157 4070 ,
1208 4029 1211 4034 ·

333 4101 466 4180 Quodque
484 4099 550 4183 legit
572 4102 648 4164 diues
669 4096 782 4177 summis
802 4095 964 4181 Arimaspus
999 4096 1096 4156 arenis.
1214 4177 1219 4186 .

631 4261 633 4264 ’
749 4237 773 4297 E
797 4256 816 4304 4
