3225 5017
504 502 576 560 no
636 502 847 561 cantas
1111 520 1186 604 4¹5
1267 530 1277 545 -

189 661 231 721 de
252 660 351 721 citior.
373 660 547 736 &provinc
568 678 636 735 pop.
659 658 743 722 Rom.
765 680 830 736 cap.
851 670 878 731 8.
900 663 961 737 est,
979 660 1078 747 septem
1103 672 1129 731 ὁ
1151 676 1194 733 de.

190 778 248 816 cem
268 757 445 838 provincias:
469 756 629 815 Noricorum
644 759 733 831 duas,
761 759 960 821 Pannoniarum
974 766 1060 840 duas,
1085 760 1188 834 cetera,

189 856 303 935 Illyrici
320 856 494 937 provinciae,
519 856 595 917 utin
614 855 703 916 libell.
724 858 853 933 provinc.
875 858 959 923 Rom.
982 882 1045 941 pag.
1064 884 1110 943 79.
1123 870 1191 931 edit.
1217 885 1233 897 “

190 954 463 1033 liahliiagdebutg.
495 963 583 1029 1698.
603 956 660 1027 eil,
694 955 770 1016 xlx
784 956 926 1019 Puerum:
954 959 1099 1022 Dalmatia
1110 961 1197 1044 supra

188 1074 284 1121 mare,
306 1054 446 1114 Pannonia
460 1054 550 1133 prima
563 1094 575 1121 ,
590 1054 760 1129 (Pannonia
775 1050 943 1132 secundu‚)
964 1058 992 1117 iu
1012 1080 1067 1139 qua
1086 1064 1120 1143 est
1138 1067 1195 1125 Sir.

190 1152 295 1225 mium,
318 1166 422 1212 cetera.
444 1152 575 1232 Regiones
593 1152 658 1231 lii,
677 1158 755 1213 urin
776 1155 842 1213 eud.
869 1154 959 1216 libell.¹
983 1179 1046 1235 pag.
1072 1180 1107 1238 ῃ
1132 1166 1191 1240 eii,

189 1250 296 1329 imperii
308 1251 424 1309 Romani
440 1250 574 1311 fuerunt:
598 1249 706 1319 ltalia,
744 1250 859 1325 Gallia,
893 1250 1008 1331 Africa,
1034 1255 1192 1339 Hrspuma,
1295 1260 1297 1267 ⁴

188 1345 353 1429 Illyricum,
370 1366 474 1413 cetera.
500 1350 644 1411 Editorem
669 1350 733 1410 vide
750 1350 920 1413 cellarium:
944 1357 1004 1428 ejus
1022 1374 1117 1417 autem
1128 1378 1194 1435 geu»

190 1450 341 1525 graphioni
366 1450 453 1509 medii
473 1451 555 1529 aevi.
577 1468 663 1525 quarn
692 1450 837 1526 appellat,
871 1451 892 1509 ii
910 1452 986 1512 edita
1014 1455 1073 1527 est,
1112 1457 1193 1521 suum

190 1546 295 1607 lumen
318 1550 416 1608 nolitis
448 1566 563 1625 quoque
590 1547 719 1608 Vibianis
739 1549 886 1609 foenerare
906 1550 983 1626 polle
1017 1569 1096 1614 certo
1124 1556 1193 1625 scio.

192 1642 240 1704 lta
259 1645 329 1705 nolo
345 1647 382 1705 ad
409 1646 575 1707 vetustiores
595 1649 744 1722 regionum
761 1646 963 1724 descriptiones
977 1653 1070 1729 exigas
1085 1660 1195 1734 omnia,
1212 1686 1218 1699 ¹

193 1762 270 1819 quae
288 1744 387 1805 Vibius
402 1745 497 1805 noster
517 1764 553 1804 ex
575 1747 671 1807 uiuitis
693 1746 785 1820 poetis
813 1766 874 1807 non
900 1750 982 1807 unius
1003 1748 1104 1811 {aetoli
1128 1780 1196 1811 aava

193 1834 346 1913 dindimo.
371 1845 530 1916 ordinavit,
545 1845 651 1921 quippe
672 1843 760 1903 honio
780 1844 880 1905 aetatis
902 1846 1027 1907 incertae
1054 1864 1192 1915 flesset..

237 1940 282 2001 De
302 1941 421 2019 Illyricis
451 1944 582 2021 gentibus
609 1962 636 2003 r.
659 1941 813 2004 Palmeri'us
849 1944 949 2007 Graec.
983 1960 1042 2009 ant.
1077 1948 1108 2013 C.
1145 1971 1193 2025 14.

192 2039 231 2103 ln
247 2040 304 2101 illis
320 2062 378 2101 non
396 2057 551 2118 occurrunt
576 2042 712 2103 Pannonii
725 2088 735 2111 ,
759 2062 881 2119 quorum
894 2043 974 2103 vvasta
990 2046 1070 2121 regio
1083 2090 1092 2119 ‚
1105 2047 1196 2125 illyri.

194 2160 233 2200 co
257 2140 373 2211 vicina,
402 2159 434 2202 ut
450 2143 546 2203 videre
564 2141 603 2201 est
624 2143 699 2217 apud
713 2140 912 2223 Ptolemaeum
935 2141 965 2203 L.
984 2140 1021 2205 ΙΙ.
1042 2162 1067 2203 c.
1089 2164 1133 2219 ις.
1148 2158 1194 2211 1⁶.

192 2242 229 2299 in
248 2241 374 2301 erroren'r
393 2242 507 2301 induxit
528 2240 652 2301 Vibium.
677 2242 811 2301 Ceterum
829 2240 981 2301 Pannoniis
995 2240 1078 2301 multi
1095 2244 1195 2320 populi

194 2340 307 2401 debent
331 2342 479 2417 originem.
518 2361 545 2401 v.
576 2340 677 2401 Strabo
714 2339 745 2399 L.
778 2338 840 2399 Vll.
867 2356 895 2414 p.
922 2357 991 2414 217.
1017 2354 1042 2399 s.
1075 2354 1192 2403 cR01x.

239 2442 300 2499 hcu
317 2458 378 2502 tem
396 2440 487 2515 tetigit
499 2438 649 2499 Hess'eiios.
682 2437 760 2510 julio
779 2436 906 2498 Valentis
934 2436 1104 2499 breviarium
1115 2440 1196 2503 suum

194 2539 384 2601 concinnavit
402 2539 503 2599 Sextus
521 2536 628 2611 Rufos3
651 2538 773 2613 proinde
796 2538 874 2613 prior
900 2550 1029 2612 tempure
1042 2538 1081 2597 est
1101 2538 1197 2609 Vibio,

196 2639 248 2715 qui
271 2637 356 2715 ipiius
375 2636 603 2699 distributionem
623 2636 736 2696 secutus
763 2637 885 2697 videtur.
909 2634 1007 2695 Simile
1028 2636 1196 2715 exemplum

194 2742 256 2813 jam
277 2735 368 2796 adfuit
389 2734 471 2811 supra
491 2736 522 2795 in
540 2736 725 2793 Haemimcme
750 2754 814 2811 pag.
840 2746 907 2811 328.
941 2733 1102 2807 Pannoniae
1125 2735 1197 2799 fines

194 2834 311 2913 egregie
331 2832 419 2910 tignat
433 2832 592 2907 Jornandes
611 2834 649 2892 de
679 2835 739 2894 reb.
769 2834 833 2894 (let.
866 2852 892 2896 c.
919 2854 965 2907 50.
1002 2834 1144 2893 Pannonia
1169 2836 1198 2895 iu

193 2934 280 3015 longa
301 2924 558 3013 porreiicr‘planicr'e
580 2932 659 2991 labet
676 2933 711 2989 ab
742 2933 841 2991 oriente
869 2933 996 3010 Moefiam
1018 2926 1197 3012 firperr'crem,

194 3056 216 3093 a
241 3032 349 3089 meridie
376 3030 568 3103 Dalmatiam,
600 3031 635 3089 ab
666 3024 764 3101 occasu
791 3031 940 3099 Noricum,
979 3050 998 3087 a
1023 3025 1196 3109 sipreutrr'om

194 3130 369 3193 Danubium.
394 3131 493 3191 Graeci
518 3129 642 3187 trunam
662 3129 790 3203 itemque
812 3130 924 3185 omorio
953 3128 1066 3199 dixere,
1090 3127 1198 3189 incolas

196 3232 340 3292 truncabat
363 3232 390 3291 ἃ
418 3234 552 3293 irmarus.
577 3227 684 3303 quade
701 3244 731 3285 re
752 3246 780 3286 v.
800 3222 937 3287 Cellatius
958 3224 990 3290 L.
1009 3224 1086 3287 ihc.
1105 3236 1134 3297 8.
1157 3226 1194 3289 Ο.

597 3404 827 3518 Philyridae

243 3605 392 3685 Philyres,
418 3625 539 3685 quorum
570 3606 745 3665 mentionem
775 3602 844 3663 fecit
875 3599 1024 3680 Dionysius
1058 3600 1118 3662 orb.
1150 3602 1200 3663 de.

196 3709 300 3785 script.
321 3706 389 3767 vers.
408 3714 489 3783 7⁶⁶,
503 3705 664 3769 scholiastes
677 3701 819 3781 Dionysii,
831 3700 983 3761 Priscianus
1002 3700 1103 3777 perieg.
1126 3698 1197 3759 vers.

200 3827 289 3885 740,
313 3805 473 3883 Stephanus
498 3805 668 3883 Byzantinus
684 3824 710 3864 v.
726 3806 826 3879 <nimpe
848 3804 874 3861 bt
901 3799 966 3870 aiii3
992 3798 1056 3859 vide
1073 3798 1106 3859 irs
1126 3798 1195 3863 Luc.

196 3904 386 3971 Holiienium
409 3904 446 3965 ad
469 3904 646 3981 Stephanum
668 3902 784 3981 byzant.
810 3918 844 3961 ac
878 3898 974 3972 Lamp.
991 3896 1138 3993 ‘hiantium
1162 3897 1201 3971 ab
1231 3964 1235 3970 ¹
1267 3975 1270 3979 ,

198 4005 352 4064 Valerium
377 4001 511 4063 Flaccum
547 4003 577 4063 L.
610 4004 642 4063 V.
673 4002 741 4061 vers.
772 4018 839 4071 152.
871 3993 1024 4071 Philyres,
1061 3995 1219 4071 inquam.
1262 4028 1269 4037 ·
1298 3995 1301 4003 '

200 4102 271 4165 sont
299 4102 377 4163 hauri
397 4101 494 4180 paullo
516 4102 641 4163 notiores
669 4097 834 4161 hominibus
863 4093 1011 4166 litteratis,
1055 4112 1139 4172 quam
1157 4094 1211 4161 itti
