3225 5017
370 489 373 493 -
462 451 534 512 AD
591 452 843 519 uturum
1075 465 1149 550 153

128 588 131 649 l
191 611 260 683 laren
275 621 386 687 notare,
407 629 465 689 quo
480 610 562 675 sensu
582 630 621 672 ne
645 611 776 675 umbram
797 612 915 692 quidem
940 613 1059 680 allionis
1083 593 1165 695 ejusss

189 708 273 786 nodi,
290 710 376 786 qualia
400 711 571 789 requiritur,
589 723 623 774 ut
635 712 775 788 adjectiva
801 711 899 776 eal'um
923 727 1040 793 regant,
1064 716 1154 780 inelle

185 805 239 868 huic
253 807 312 871 voci
325 807 463 887 intelligis.
507 809 610 884 Dices,
635 829 686 872 cur
701 829 769 889 ergo
783 813 925 874 atiionen
941 813 990 875 hic
1006 813 1048 876 ilii
1066 815 1151 891 voci,

184 925 324 985 nouamque
340 907 423 984 plane
442 908 676 988 significationem
700 909 732 970 in
762 908 829 972 loco
849 909 978 974 Maronis
999 911 1153 976 attribuis?

183 1004 288 1066 dtreode
302 1005 421 1083 quaeso,
437 1008 507 1086 quid
528 1006 725 1085 respondeam
767 1008 834 1070 Vox
847 1010 959 1090 rapidus
973 1025 1060 1090 atque
1068 1012 1154 1074 affine

183 1103 280 1183 raptio,
298 1106 368 1166 itern
381 1105 460 1168 aliud
479 1125 516 1167 ex
534 1107 637 1168 eodem
657 1105 739 1167 fonte
757 1106 919 1184 profetiam
939 1127 1047 1189 rapax,
1071 1107 1153 1189 quod

182 1199 207 1260 in
220 1201 351 1280 legionum
373 1204 464 1267 titulis
477 1203 667 1266 hooeiiillime
682 1203 753 1266 olim
770 1203 809 1266 ad
835 1203 1034 1283 defignandaor
1063 1207 1156 1268 celeri·

184 1314 248 1356 arten
262 1300 423 1380 usurpatum
438 1303 708 1378 animadvertimus,
736 1317 837 1365 natura
857 1301 905 1366 sua
924 1318 1010 1384 atque
1037 1324 1072 1368 ex
1092 1321 1155 1385 ety.

184 1398 284 1478 rroloqia
298 1420 358 1462 non
376 1401 454 1465 aliud
469 1401 583 1480 poliunt
598 1403 752 1476 denotare,
771 1401 823 1464 uili
840 1421 920 1478 rem,
951 1421 1024 1482 quae
1043 1403 1089 1466 vel
1110 1425 1155 1468 ra.

180 1493 230 1572 pit,
249 1497 290 1559 rel
303 1501 431 1578 rapitur,
463 1520 558 1580 neque
586 1501 706 1579 proinde
730 1499 812 1564 iliter
845 1499 970 1564 celerem
1000 1501 1154 1582 designat,

180 1613 250 1672 quam
263 1600 470 1679 metonymice,
507 1600 645 1678 eoquod
676 1615 783 1677 nempe
799 1598 942 1678 ,celeritas
968 1619 1036 1664 eum
1069 1615 1152 1680 raptu

178 1691 225 1754 fere
241 1693 270 1758 lit
285 1700 446 1773 conjuncta
490 1699 527 1761 At
544 1718 611 1762 eum
627 1698 684 1760 hoc
702 1699 743 1760 ira
770 1698 825 1774 iit,
861 1699 959 1778 ecquis
989 1698 1060 1761 mihi
1092 1701 1152 1777 jan

176 1808 246 1866 porro
264 1796 451 1886 inspiahitur,
472 1815 576 1862 rocem
595 1797 676 1860 istam
703 1797 816 1879 rapidus
840 1794 967 1860 habuille
998 1797 1152 1876 aliquando

177 1893 298 1970 propriam
315 1895 413 1970 suam,
431 1915 516 1974 quam
538 1908 657 1975 etymon
675 1896 784 1974 arguit,
823 1895 944 1978 rapiendi
974 1895 1153 1972 fignificatio·

177 2007 248 2066 nem,
267 2013 337 2072 quae
347 1994 446 2074 postea
459 1993 596 2073 paulatim
612 1993 787 2067 exoleverit,
810 1993 850 2056 ita
868 2008 975 2070 tamen,
992 2007 1024 2058 ut
1038 1993 1151 2058 erudito

175 2084 282 2167 scriptori
296 2113 360 2156 eam
381 2111 435 2170 pro
457 2111 489 2153 re
510 2105 578 2154 nata
590 2111 725 2154 revocare
740 2091 864 2158 licuett
886 2091 976 2168 eujus
1000 2093 1153 2156 consuetu.

177 2184 271 2251 dinirli
292 2189 425 2255 afferrem
443 2188 595 2268 exempla,
620 2209 656 2252 ao
673 2207 761 2251 voees
780 2189 879 2252 nativo
907 2189 958 2252 suo
983 2209 1018 2252 ao
1036 2192 1153 2269 proprio

177 2280 241 2349 sensu
254 2308 400 2370 nunquam
412 2301 462 2354 aut
477 2287 614 2352 rarillime
623 2333 634 2363 ,
643 2288 802 2366 improprio
816 2299 901 2368 atque
914 2287 1037 2368 figurato
1052 2287 1153 2368 pallrm

176 2385 237 2460 rpud
253 2392 381 2452 auttorea
401 2387 546 2468 usurpatas
575 2387 751 2450 instituerem
774 2384 978 2458 accumulare,
1015 2387 1153 2467 equidem

175 2501 271 2560 veram,
295 2503 328 2552 ot
341 2507 391 2552 me
408 2486 483 2550 male
508 2488 547 2549 de
570 2499 622 2550 too
645 2485 743 2547 inhia
767 2482 856 2546 literis
876 2484 1025 2564 profectu,
1064 2503 1151 2564 quem

175 2579 233 2645 irtio
253 2584 316 2648 lane
333 2586 470 2666 plurimi,
489 2587 616 2662 judicare
634 2584 818 2650 existimares.

207 2698 314 2775 Quaeris
329 2693 443 2780 porro,
474 2699 494 2761 li
523 2700 622 2762 Oxum
649 2697 781 2777 Scythiae
809 2697 930 2761 fluvium
964 2695 1152 2775 designaverit

175 2793 258 2870 ldaro,
277 2818 327 2862 eur
349 2819 411 2860 non
424 2797 524 2861 saltem
540 2799 655 2861 Oaxum
673 2798 769 2876 potior
800 2796 956 2868 cecinerit,
985 2815 1071 2872 quarn
1094 2796 1153 2858 Oa·

173 2898 248 2961 xem'l
267 2899 310 2961 dd
328 2899 409 2977 quod
428 2897 448 2958 ir
465 2897 513 2959 vel
535 2896 593 2960 hoc
615 2916 706 2961 onum
721 2915 775 2975 ego
799 2893 972 2973 respondero
986 2937 995 2968 ,
1009 2891 1151 2972 requilrlle

128 3018 129 3025 ¹
173 2990 366 3060 idsuaritatem
384 2996 540 3070 carminis,
561 3016 628 3059 error
648 2995 698 3058 ilie
719 2994 794 3073 quasr
812 2992 942 3072 rythmus
965 2991 997 3054 in
1027 2992 1152 3074 rapidum

174 3092 195 3152 dt
214 3095 315 3156 Oaxen
335 3095 422 3158 valde
441 3094 536 3157 laedat
548 3096 704 3156 teneriores
725 3111 825 3167 auree,
846 3090 1067 3168 &optimorum
1082 3092 1151 3166 po'e'·

173 3199 249 3254 tarum
270 3193 393 3258 lectione
409 3195 510 3268 tritas,
530 3193 605 3255 nihil
628 3192 717 3254 hahet
746 3189 869 3268 amplius
905 3186 983 3265 quod
1021 3203 1149 3262 querare.

175 3286 254 3366 Quid,
268 3293 346 3371 quod
363 3291 517 3356 similitudo
530 3303 710 3354 caeterorum
729 3291 760 3350 in
772 3287 850 3350 dirae
865 3284 1030 3350 fluminibus
1051 3283 1153 3346 obvio·

175 3403 226 3448 rum
245 3393 395 3454 nominum
414 3389 584 3469 ampliorem
605 3390 632 3450 ei
649 3391 736 3452 etiarn
757 3389 813 3449 hae
831 3387 862 3448 in
882 3403 913 3446 re
926 3385 1092 3463 potestatem
1103 3385 1153 3446 tri·

176 3480 240 3561 buit,
251 3491 307 3568 'qui
320 3491 450 3570 Gangem
462 3534 473 3564 ,
484 3489 677 3567 Euphratem,
700 3488 840 3560 draxem,
856 3481 982 3558 Phasrm,
996 3482 1104 3562 Tigrim
1122 3485 1151 3546 ir

175 3601 231 3659 lues
251 3591 336 3654 noni
358 3603 499 3668 perpetuo
515 3588 599 3650 nohir
620 3589 777 3666 ingerunt3
811 3583 844 3646 irr
880 3610 903 3642 a»
928 3582 1080 3657 Grajorum
1103 3579 1151 3640 vel

174 3679 321 3750 latinorum
335 3709 381 3756 aar
408 3689 576 3751 terminator
599 3687 710 3765 parcior
743 3683 915 3762 producunt.
974 3679 1073 3756 Itaque
1095 3693 1152 3739 nee

174 3775 279 3863 hueego
296 3785 348 3848 tihi
367 3789 426 3862 jam
446 3786 568 3865 amplius
582 3772 708 3864 hrgior,
730 3784 851 3848 fluviunr
876 3779 989 3842 eumin
1013 3795 1057 3834 un
1078 3771 1151 3833 sern-

175 3894 273 3953 peraut
292 3886 451 3948 ooolianter
470 3886 546 3964 apud
566 3903 667 3948 omnes
692 3881 818 3956 desrille,
845 3888 974 3971 petoque
1000 3887 1152 3950 argumen-

175 3990 224 4042 tum
246 3983 356 4064 abipsa
375 3984 564 4048 illaCretenli
582 3985 716 4054 civitate,
738 3998 812 4058 quae
839 3970 985 4036 nonnullis
1011 3970 1152 4045 interpre·
1183 3992 1184 3996 ¹

177 4087 227 4138 mn
245 4082 368 4148 ldaromr
391 4084 484 4147 fraudi
500 4083 577 4158 fuit,
599 4102 633 4144 ac
652 4094 729 4144 certe
745 4096 806 4140 non
826 4074 921 4136 minus
932 4065 1038 4143 uaris,
1057 4065 1153 4132 Oaxet

696 4201 725 4264 K
769 4221 782 4274 r
