<?xml version="1.0" encoding="UTF-8"?>
<!DOCTYPE html PUBLIC "-//W3C//DTD XHTML 1.0 Transitional//EN"
    "http://www.w3.org/TR/xhtml1/DTD/xhtml1-transitional.dtd">
<html xmlns="http://www.w3.org/1999/xhtml" xml:lang="en" lang="en">
 <head>
  <title>
</title>
<meta http-equiv="Content-Type" content="text/html;charset=utf-8" />
  <meta name='ocr-system' content='tesseract 3.04.00' />
  <meta name='ocr-capabilities' content='ocr_page ocr_carea ocr_par ocr_line ocrx_word'/>
</head>
<body>
  <div class='ocr_page' id='page_1' title='image "./vibiussequester00sequgoog_0031.png"; bbox 0 0 3225 5017; ppageno 0'>
   <div class='ocr_carea' id='block_1_1' title="bbox 711 404 2828 2297">
    <p class='ocr_par' dir='ltr' id='par_1_1' title="bbox 820 404 2057 523">
     <span class='ocr_line' id='line_1_1' title="bbox 820 404 2057 523; baseline -0.006 3"><span class='ocrx_word' id='word_1_1' title='bbox 820 446 966 516; x_wconf 76' lang='lat' dir='ltr'>xx</span> <span class='ocrx_word' id='word_1_2' title='bbox 1584 407 1683 523; x_wconf 61' lang='grc' dir='ltr'><strong>Φ</strong></span> <span class='ocrx_word' id='word_1_3' title='bbox 1794 439 1847 495; x_wconf 91' lang='lat'>0</span> <span class='ocrx_word' id='word_1_4' title='bbox 1961 404 2057 519; x_wconf 60' lang='grc' dir='ltr'><strong>Φ</strong></span> 
     </span>
    </p>

    <p class='ocr_par' dir='ltr' id='par_1_2' title="bbox 711 596 2828 2297">
     <span class='ocr_line' id='line_1_2' title="bbox 924 596 2823 702; baseline -0.006 -12"><span class='ocrx_word' id='word_1_5' title='bbox 924 619 1241 694; x_wconf 84' lang='lat' dir='ltr'>Alterum</span> <span class='ocrx_word' id='word_1_6' title='bbox 1291 611 1380 681; x_wconf 89' lang='lat' dir='ltr'>iis</span> <span class='ocrx_word' id='word_1_7' title='bbox 1423 606 1686 678; x_wconf 66' lang='lat' dir='ltr'>dictum</span> <span class='ocrx_word' id='word_1_8' title='bbox 1735 602 1857 687; x_wconf 89' lang='lat' dir='ltr'>fit,</span> <span class='ocrx_word' id='word_1_9' title='bbox 1910 603 2167 695; x_wconf 88' lang='lat' dir='ltr'>quibus</span> <span class='ocrx_word' id='word_1_10' title='bbox 2219 601 2306 674; x_wconf 86' lang='lat' dir='ltr'>ad</span> <span class='ocrx_word' id='word_1_11' title='bbox 2354 596 2644 702; x_wconf 82' lang='lat' dir='ltr'>scriptos</span> <span class='ocrx_word' id='word_1_12' title='bbox 2689 609 2823 679; x_wconf 91' lang='lat' dir='ltr'>Vi-</span> 
     </span>
     <span class='ocr_line' id='line_1_3' title="bbox 834 712 2819 812; baseline -0.007 -5"><span class='ocrx_word' id='word_1_13' title='bbox 834 735 944 809; x_wconf 86' lang='lat' dir='ltr'>bii.</span> <span class='ocrx_word' id='word_1_14' title='bbox 993 729 1261 803; x_wconf 85' lang='lat' dir='ltr'>codices</span> <span class='ocrx_word' id='word_1_15' title='bbox 1305 718 1679 796; x_wconf 84' lang='lat' dir='ltr'>recenfitos</span> <span class='ocrx_word' id='word_1_16' title='bbox 1729 736 1851 790; x_wconf 88' lang='lat' dir='ltr'>aut</span> <span class='ocrx_word' id='word_1_17' title='bbox 1897 720 2067 789; x_wconf 81' lang='lat' dir='ltr'>alios</span> <span class='ocrx_word' id='word_1_18' title='bbox 2095 768 2118 799; x_wconf 87' lang='lat'>‚</span> <span class='ocrx_word' id='word_1_19' title='bbox 2178 712 2231 787; x_wconf 87' lang='lat' dir='ltr'><strong>fi</strong></span> <span class='ocrx_word' id='word_1_20' title='bbox 2272 720 2398 809; x_wconf 89' lang='lat' dir='ltr'>qui</span> <span class='ocrx_word' id='word_1_21' title='bbox 2451 718 2819 812; x_wconf 85' lang='lat' dir='ltr'>deliteant,</span> 
     </span>
     <span class='ocr_line' id='line_1_4' title="bbox 825 832 2823 926; baseline -0.008 -5"><span class='ocrx_word' id='word_1_22' title='bbox 825 847 1005 925; x_wconf 85' lang='lat' dir='ltr'>mihi</span> <span class='ocrx_word' id='word_1_23' title='bbox 1058 843 1374 917; x_wconf 78' lang='lat' dir='ltr'>no&#39;ndum</span> <span class='ocrx_word' id='word_1_24' title='bbox 1424 852 1633 907; x_wconf 85' lang='lat' dir='ltr'>notos</span> <span class='ocrx_word' id='word_1_25' title='bbox 1660 833 2023 918; x_wconf 89' lang='lat' dir='ltr'>,accedere</span> <span class='ocrx_word' id='word_1_26' title='bbox 2076 832 2372 903; x_wconf 82' lang='lat' dir='ltr'>licuerit.</span> <span class='ocrx_word' id='word_1_27' title='bbox 2474 833 2627 904; x_wconf 91' lang='lat' dir='ltr'>Hos</span> <span class='ocrx_word' id='word_1_28' title='bbox 2660 837 2823 926; x_wconf 86' lang='lat' dir='ltr'>qui-</span> 
     </span>
     <span class='ocr_line' id='line_1_5' title="bbox 831 943 2822 1050; baseline -0.011 -14"><span class='ocrx_word' id='word_1_29' title='bbox 831 964 987 1036; x_wconf 90' lang='lat' dir='ltr'>dem</span> <span class='ocrx_word' id='word_1_30' title='bbox 1032 956 1366 1050; x_wconf 86' lang='lat' dir='ltr'>majorem</span> <span class='ocrx_word' id='word_1_31' title='bbox 1397 954 1476 1022; x_wconf 92' lang='lat' dir='ltr'>in</span> <span class='ocrx_word' id='word_1_32' title='bbox 1511 948 1801 1021; x_wconf 91' lang='lat' dir='ltr'>modum</span> <span class='ocrx_word' id='word_1_33' title='bbox 1838 971 1963 1017; x_wconf 93' lang='lat' dir='ltr'>oro</span> <span class='ocrx_word' id='word_1_34' title='bbox 1992 943 2420 1038; x_wconf 85' lang='lat' dir='ltr'>hortorque,</span> <span class='ocrx_word' id='word_1_35' title='bbox 2450 963 2533 1017; x_wconf 94' lang='lat' dir='ltr'>ut</span> <span class='ocrx_word' id='word_1_36' title='bbox 2578 948 2655 1017; x_wconf 88' lang='lat' dir='ltr'>in</span> <span class='ocrx_word' id='word_1_37' title='bbox 2690 950 2822 1021; x_wconf 88' lang='lat' dir='ltr'>du-</span> 
     </span>
     <span class='ocr_line' id='line_1_6' title="bbox 827 1057 2821 1155; baseline -0.006 -9"><span class='ocrx_word' id='word_1_38' title='bbox 827 1075 964 1146; x_wconf 80' lang='lat' dir='ltr'>biis</span> <span class='ocrx_word' id='word_1_39' title='bbox 1017 1070 1186 1143; x_wconf 74' lang='lat' dir='ltr'>locis</span> <span class='ocrx_word' id='word_1_40' title='bbox 1231 1090 1345 1138; x_wconf 91' lang='lat' dir='ltr'>eos</span> <span class='ocrx_word' id='word_1_41' title='bbox 1392 1059 1730 1155; x_wconf 84' lang='lat' dir='ltr'>inspicere</span> <span class='ocrx_word' id='word_1_42' title='bbox 1786 1065 1851 1133; x_wconf 88' lang='lat'>&amp;</span> <span class='ocrx_word' id='word_1_43' title='bbox 1905 1057 2296 1152; x_wconf 87' lang='lat' dir='ltr'>comparare</span> <span class='ocrx_word' id='word_1_44' title='bbox 2360 1082 2520 1132; x_wconf 90' lang='lat' dir='ltr'>cum</span> <span class='ocrx_word' id='word_1_45' title='bbox 2583 1062 2821 1135; x_wconf 93' lang='lat' dir='ltr'>nostro</span> 
     </span>
     <span class='ocr_line' id='line_1_7' title="bbox 825 1170 2821 1267; baseline -0.005 -8"><span class='ocrx_word' id='word_1_46' title='bbox 825 1186 1044 1259; x_wconf 90' lang='lat' dir='ltr'>Vibio</span> <span class='ocrx_word' id='word_1_47' title='bbox 1100 1183 1370 1263; x_wconf 83' lang='lat' dir='ltr'>velint,</span> <span class='ocrx_word' id='word_1_48' title='bbox 1417 1175 1986 1267; x_wconf 86' lang='lat' dir='ltr'>commodamque</span> <span class='ocrx_word' id='word_1_49' title='bbox 2032 1170 2455 1246; x_wconf 85' lang='lat' dir='ltr'>occafionem</span> <span class='ocrx_word' id='word_1_50' title='bbox 2508 1180 2693 1248; x_wconf 72' lang='lat' dir='ltr'>naCti</span> <span class='ocrx_word' id='word_1_51' title='bbox 2733 1177 2821 1249; x_wconf 90' lang='lat' dir='ltr'>ad</span> 
     </span>
     <span class='ocr_line' id='line_1_8' title="bbox 711 1279 2821 1390; baseline -0.004 -17"><span class='ocrx_word' id='word_1_52' title='bbox 711 1279 724 1296; x_wconf 47' lang='lat'>⁸</span> <span class='ocrx_word' id='word_1_53' title='bbox 828 1323 980 1380; x_wconf 87' lang='lat' dir='ltr'>me,</span> <span class='ocrx_word' id='word_1_54' title='bbox 1024 1320 1198 1390; x_wconf 88' lang='lat' dir='ltr'>quae</span> <span class='ocrx_word' id='word_1_55' title='bbox 1241 1288 1861 1389; x_wconf 60' lang='lat' dir='ltr'>deprehenderint,</span> <span class='ocrx_word' id='word_1_56' title='bbox 1890 1291 2360 1361; x_wconf 83' lang='lat' dir='ltr'>transmittere</span> <span class='ocrx_word' id='word_1_57' title='bbox 2402 1314 2489 1361; x_wconf 87' lang='lat' dir='ltr'>ne</span> <span class='ocrx_word' id='word_1_58' title='bbox 2522 1314 2821 1384; x_wconf 84' lang='lat' dir='ltr'>graven-</span> 
     </span>
     <span class='ocr_line' id='line_1_9' title="bbox 826 1400 2822 1497; baseline -0.005 -11"><span class='ocrx_word' id='word_1_59' title='bbox 826 1430 966 1486; x_wconf 89' lang='lat' dir='ltr'>tur.</span> <span class='ocrx_word' id='word_1_60' title='bbox 1070 1408 1350 1481; x_wconf 77' lang='lat' dir='ltr'>valebit</span> <span class='ocrx_word' id='word_1_61' title='bbox 1399 1403 1535 1475; x_wconf 92' lang='lat' dir='ltr'>hoc</span> <span class='ocrx_word' id='word_1_62' title='bbox 1582 1400 2007 1497; x_wconf 85' lang='lat' dir='ltr'>potiffimum</span> <span class='ocrx_word' id='word_1_63' title='bbox 2066 1403 2147 1474; x_wconf 90' lang='lat' dir='ltr'>de</span> <span class='ocrx_word' id='word_1_64' title='bbox 2218 1406 2305 1475; x_wconf 90' lang='lat' dir='ltr'>iis</span> <span class='ocrx_word' id='word_1_65' title='bbox 2353 1406 2759 1478; x_wconf 88' lang='lat' dir='ltr'>nominibus</span> <span class='ocrx_word' id='word_1_66' title='bbox 2796 1456 2822 1491; x_wconf 88' lang='lat'>,</span> 
     </span>
     <span class='ocr_line' id='line_1_10' title="bbox 833 1514 2828 1618; baseline -0.002 -23"><span class='ocrx_word' id='word_1_67' title='bbox 833 1528 1008 1618; x_wconf 85' lang='lat' dir='ltr'>quae</span> <span class='ocrx_word' id='word_1_68' title='bbox 1036 1519 1220 1593; x_wconf 90' lang='lat' dir='ltr'>solus</span> <span class='ocrx_word' id='word_1_69' title='bbox 1260 1517 1384 1591; x_wconf 85' lang='lat' dir='ltr'>fibi</span> <span class='ocrx_word' id='word_1_70' title='bbox 1426 1514 1791 1590; x_wconf 85' lang='lat' dir='ltr'>vindicaffe</span> <span class='ocrx_word' id='word_1_71' title='bbox 1838 1521 2119 1590; x_wconf 89' lang='lat' dir='ltr'>videtur</span> <span class='ocrx_word' id='word_1_72' title='bbox 2149 1516 2447 1600; x_wconf 79' lang='lat' dir='ltr'>Vibius,</span> <span class='ocrx_word' id='word_1_73' title='bbox 2472 1536 2553 1590; x_wconf 90' lang='lat' dir='ltr'>ut</span> <span class='ocrx_word' id='word_1_74' title='bbox 2587 1522 2828 1611; x_wconf 83' lang='lat' dir='ltr'>paullo</span> 
     </span>
     <span class='ocr_line' id='line_1_11' title="bbox 829 1629 2824 1716; baseline -0.001 -8"><span class='ocrx_word' id='word_1_75' title='bbox 829 1655 988 1709; x_wconf 87' lang='lat' dir='ltr'>ante</span> <span class='ocrx_word' id='word_1_76' title='bbox 1025 1634 1368 1705; x_wconf 88' lang='lat' dir='ltr'>ostensum</span> <span class='ocrx_word' id='word_1_77' title='bbox 1440 1631 1557 1703; x_wconf 89' lang='lat' dir='ltr'>est.</span> <span class='ocrx_word' id='word_1_78' title='bbox 1642 1634 1817 1705; x_wconf 87' lang='lat' dir='ltr'>Satis</span> <span class='ocrx_word' id='word_1_79' title='bbox 1852 1649 2084 1702; x_wconf 91' lang='lat' dir='ltr'>autem</span> <span class='ocrx_word' id='word_1_80' title='bbox 2144 1629 2422 1703; x_wconf 88' lang='lat' dir='ltr'>confido</span> <span class='ocrx_word' id='word_1_81' title='bbox 2480 1630 2670 1716; x_wconf 89' lang='lat' dir='ltr'>fore,</span> <span class='ocrx_word' id='word_1_82' title='bbox 2739 1653 2824 1709; x_wconf 88' lang='lat' dir='ltr'>ut</span> 
     </span>
     <span class='ocr_line' id='line_1_12' title="bbox 830 1745 2824 1839; baseline 0 -18"><span class='ocrx_word' id='word_1_83' title='bbox 830 1749 1001 1836; x_wconf 82' lang='lat' dir='ltr'>hinc</span> <span class='ocrx_word' id='word_1_84' title='bbox 1043 1748 1204 1819; x_wconf 89' lang='lat' dir='ltr'>inde</span> <span class='ocrx_word' id='word_1_85' title='bbox 1248 1745 1665 1839; x_wconf 61' lang='lat' dir='ltr'>conjecturis</span> <span class='ocrx_word' id='word_1_86' title='bbox 1716 1748 1885 1817; x_wconf 85' lang='lat' dir='ltr'>meis</span> <span class='ocrx_word' id='word_1_87' title='bbox 1937 1746 2153 1817; x_wconf 89' lang='lat' dir='ltr'>robur</span> <span class='ocrx_word' id='word_1_88' title='bbox 2200 1745 2544 1839; x_wconf 84' lang='lat' dir='ltr'>quoddam</span> <span class='ocrx_word' id='word_1_89' title='bbox 2611 1773 2824 1821; x_wconf 89' lang='lat' dir='ltr'>manu</span> 
     </span>
     <span class='ocr_line' id='line_1_13' title="bbox 837 1859 2820 1960; baseline -0.002 -25"><span class='ocrx_word' id='word_1_90' title='bbox 837 1865 1101 1960; x_wconf 83' lang='lat' dir='ltr'>exarati</span> <span class='ocrx_word' id='word_1_91' title='bbox 1161 1864 1427 1934; x_wconf 87' lang='lat' dir='ltr'>codices</span> <span class='ocrx_word' id='word_1_92' title='bbox 1476 1862 1770 1943; x_wconf 85' lang='lat' dir='ltr'>addant,</span> <span class='ocrx_word' id='word_1_93' title='bbox 1823 1878 1979 1941; x_wconf 85' lang='lat' dir='ltr'>aut,</span> <span class='ocrx_word' id='word_1_94' title='bbox 2024 1859 2215 1952; x_wconf 87' lang='lat' dir='ltr'>quod</span> <span class='ocrx_word' id='word_1_95' title='bbox 2272 1884 2489 1952; x_wconf 87' lang='lat' dir='ltr'>aeque</span> <span class='ocrx_word' id='word_1_96' title='bbox 2540 1880 2820 1954; x_wconf 86' lang='lat' dir='ltr'>gratum</span> 
     </span>
     <span class='ocr_line' id='line_1_14' title="bbox 831 1972 2812 2068; baseline -0.001 -19"><span class='ocrx_word' id='word_1_97' title='bbox 831 1974 1092 2059; x_wconf 89' lang='lat' dir='ltr'>fuerit,</span> <span class='ocrx_word' id='word_1_98' title='bbox 1144 1998 1397 2047; x_wconf 86' lang='lat' dir='ltr'>novam</span> <span class='ocrx_word' id='word_1_99' title='bbox 1473 1977 1537 2047; x_wconf 87' lang='lat'>&amp;</span> <span class='ocrx_word' id='word_1_100' title='bbox 1608 1972 2023 2068; x_wconf 85' lang='lat' dir='ltr'>insperatam</span> <span class='ocrx_word' id='word_1_101' title='bbox 2082 1974 2561 2046; x_wconf 89' lang='lat' dir='ltr'>laborantibus</span> <span class='ocrx_word' id='word_1_102' title='bbox 2641 1976 2812 2048; x_wconf 83' lang='lat' dir='ltr'>locis</span> 
     </span>
     <span class='ocr_line' id='line_1_15' title="bbox 835 2084 2826 2174; baseline -0.001 -12"><span class='ocrx_word' id='word_1_103' title='bbox 835 2091 1251 2162; x_wconf 88' lang='lat' dir='ltr'>medicinam</span> <span class='ocrx_word' id='word_1_104' title='bbox 1297 2084 1852 2174; x_wconf 57' lang='lat' dir='ltr'>subministrenn</span> <span class='ocrx_word' id='word_1_105' title='bbox 1971 2089 2184 2172; x_wconf 87' lang='lat' dir='ltr'>Vale,</span> <span class='ocrx_word' id='word_1_106' title='bbox 2251 2090 2504 2173; x_wconf 72' lang='lat' dir='ltr'>lec‘tor,</span> <span class='ocrx_word' id='word_1_107' title='bbox 2562 2095 2826 2161; x_wconf 86' lang='lat' dir='ltr'>conati-</span> 
     </span>
     <span class='ocr_line' id='line_1_16' title="bbox 837 2198 1568 2297; baseline 0 -21"><span class='ocrx_word' id='word_1_108' title='bbox 837 2199 1102 2297; x_wconf 86' lang='lat' dir='ltr'>busque</span> <span class='ocrx_word' id='word_1_109' title='bbox 1168 2205 1340 2274; x_wconf 88' lang='lat' dir='ltr'>meis</span> <span class='ocrx_word' id='word_1_110' title='bbox 1387 2198 1568 2276; x_wconf 86' lang='lat' dir='ltr'>fave.</span> 
     </span>
    </p>
   </div>
   <div class='ocr_carea' id='block_1_2' title="bbox 1302 2649 2395 3489">
    <p class='ocr_par' dir='ltr' id='par_1_3' title="bbox 1302 2649 2395 3489">
     <span class='ocr_line' id='line_1_17' title="bbox 1302 2649 2395 3489; baseline 0 0"><span class='ocrx_word' id='word_1_111' title='bbox 1302 2649 2395 3489; x_wconf 95' lang='lat' dir='ltr'> </span> 
     </span>
    </p>
   </div>
   <div class='ocr_carea' id='block_1_3' title="bbox 2378 4030 2822 4159">
    <p class='ocr_par' dir='ltr' id='par_1_4' title="bbox 2378 4030 2822 4159">
     <span class='ocr_line' id='line_1_18' title="bbox 2378 4030 2822 4159; baseline -0.002 -20"><span class='ocrx_word' id='word_1_112' title='bbox 2378 4030 2822 4159; x_wconf 77' lang='lat' dir='ltr'>VIBIUS</span> 
     </span>
    </p>
   </div>
  </div>
 </body>
</html>
