3225 5017
595 457 641 606 a}
699 520 725 580 0
782 486 831 610 ἑ
1100 522 1209 592 xun

205 692 292 763 mihi
310 688 472 763 concessit
488 689 555 761 Vir
582 690 677 763 Max,
699 690 927 764 Reverendus
964 714 1071 769 atlas
1097 719 1208 777 srot·

204 828 345 893 uanus,
373 808 412 877 in
435 806 523 874 alma
549 801 613 877 hae
628 803 742 885 nostra
762 808 975 885 Divinarum
993 810 1205 892 Litterarum

205 916 374 993 Professor
401 918 574 1013 publicus.

253 1117 393 1209 Subieci
419 1114 502 1191 hinc
529 1115 611 1187 inde
644 1117 676 1190 δι
712 1140 773 1199 ea,
810 1116 939 1210 quibua
979 1120 1206 1199 Boccaciusa

204 1230 313 1304 Vibio
342 1228 513 1303 discedere
539 1226 634 1302 visus
662 1226 720 1303 est.

256 1407 578 1513 Animadversrun'es
597 1424 776 1505 historicas
798 1444 903 1520 arque
921 1432 1057 1505 criticas
1077 1428 1206 1527 abipsa

206 1540 358 1613 Vibiana
384 1537 468 1615 serie
497 1538 668 1635 sejuntias
706 1540 796 1616 dedi.

256 1720 358 1829 Quo
387 1733 590 1820 Hesselius,
630 1753 671 1809 ut
702 1721 837 1811 dinum'
853 1796 865 1829 ‚
897 1762 959 1831 per
994 1765 1135 1813 omnem
1164 1743 1206 1815 li·

205 1852 323 1925 brurn⁴
342 1849 445 1931 suum
477 1848 680 1945 sparserat,
735 1848 797 1923 suo
850 1876 1007 1947 quaeque
1042 1855 1119 1928 loco
1150 1878 1205 1927 re·

206 1963 325 2057 posui,
353 1991 466 2059 neque
502 1969 690 2067 quicquam
728 1989 770 2035 ex
800 1968 844 2037 iis
887 1962 1083 2042 rescindere
1114 1966 1202 2046 duxi

210 2076 443 2161 consultum,
498 2077 667 2171 fiquidem
720 2078 817 2151 labor
866 2079 978 2173 ejm,
1022 2081 1207 2155 duduma

208 2194 367 2265 manibus
389 2195 629 2269 litteratorum¹
649 2190 836 2267 hominum
871 2188 1025 2283 elapsus,
1069 2196 1204 2287 integer

207 2303 391 2381 defideran·
414 2305 610 2385 videbatur.

256 2501 390 2593 Quodsi
415 2506 500 2576 olim
521 2498 636 2574 forsan
657 2502 794 2573 iteratis
818 2477 913 2575 curis⁴
933 2500 975 2575 ad
991 2500 1206 2597 Sequestrem

185 2630 192 2660 ⁸
209 2616 424 2711 vulgandum
446 2616 606 2689 accedere
626 2618 836 2709 contigerit,
862 2619 1018 2696 turuile,
1053 2619 1116 2709 qui
1136 2637 1207 2690 ma,

208 2734 261 2825 gis
293 2728 506 2807 succindum
539 2726 749 2814 desiderant,
781 2729 900 2808 licebit
924 2724 1129 2808 satisfacere.

162 2932 172 2953 '
217 3000 220 3007 ,
255 2928 361 3019 Spero
387 2953 528 3021 quoque
555 2925 649 3017 sore,
695 2944 736 2999 ut
772 2929 906 2999 interea
940 2930 1110 3019 temporie
1149 2951 1207 2997 co.

207 3042 324 3113 dicum
350 3023 508 3112 nonduin
541 3038 793 3134 inspetlurum,
839 3044 959 3114 amicis
981 3038 1204 3120 obstetricati,

204 3158 320 3288 tibur,
351 3158 449 3248 copia
476 3154 564 3231 mihi
594 3154 666 3229 fiat.

252 3364 387 3441 Adsunt
408 3370 526 3463 itaque
564 3342 729 3439 adnotata
757 3364 863 3460 ipsius
898 3384 1091 3447 nussam,
1128 3381 1205 3445 turn

206 3504 389 3569 crnuun,
416 3504 611 3572 narrum,
649 3504 737 3577 Jon.
763 3500 950 3556 coanarn
987 3500 1037 3555 ur
1062 3499 1200 3574 aauw,

206 3600 237 3668 da
258 3600 297 3667 in
319 3600 419 3678 Oaxe
442 3604 698 3683 scnnmcnn,
738 3618 871 3701 narn,
911 3617 1096 3675 uucnaar.

254 3810 294 3883 Id
323 3832 428 3903 porro
455 3810 550 3885 dedit
582 3810 741 3903 precibus
754 3812 838 3881 meis
857 3808 923 3881 Vir
954 3810 995 3879 in
1028 3804 1204 3898 republica

206 3924 373 3997 litteraria
398 3922 677 3999 celebratissimus
703 3948 735 3999 L.
764 3944 795 4000 u.
823 3944 872 3998 nu
911 3944 939 3995 s.
972 3940 1122 3998 ononi,
1163 3932 1206 3990 ut

206 4042 463 4114 commentariis
492 4036 563 4113 suis
601 4032 799 4119 dudliffirnis
831 4040 1007 4118 auderem
1050 4028 1206 4140 nostrum
