3225 5017
436 454 516 535 194
649 439 832 503 NOTAE
889 436 1202 526 vammum

438 604 499 667 culi
519 600 591 663 heroi
616 600 723 659 cuidam
747 614 846 658 cerrum
872 592 1039 677 sacrificium
1059 598 1255 662 celebraverunt
1266 623 1281 675 ,·
1303 602 1437 665 &reneri

439 704 475 765 rir
492 703 616 773 ubertas,
633 718 686 778 qua
704 697 796 779 gratia
819 696 909 758 Siculi
926 715 999 757 omne
1013 719 1097 782 genus
1116 695 1229 783 frugum
1258 698 1437 784 congefferune

441 802 471 859 in
485 820 561 860 aram
572 795 742 871 Palicorum,
760 817 796 855 ex
810 815 865 875 qua
876 797 996 856 ubertum
1014 820 1066 859 ara
1081 794 1140 880 ipsa
1145 799 1257 883 pinguis
1273 820 1379 863 vocam
1392 804 1436 883 est,

440 898 518 965 Hinc
541 898 636 959 lucem
658 894 760 973 recipit
787 893 920 973 Virgilius
947 896 979 959 1„
994 896 1048 959 IX.
1064 917 1092 959 v.
1114 909 1182 972 584·

976 996 1115 1076 Symetica
1139 996 1239 1058 circum

561 1092 703 1165 Flumina,
727 1091 840 1175 pinguis
858 1091 905 1151 ubi
929 1091 960 1153 fr.
972 1092 1123 1174 placabilis
1146 1116 1196 1155 oro
1216 1094 1322 1163 Palici.

431 1193 528 1263 Simili
541 1195 632 1257 modo
649 1191 734 1255 Silius
754 1190 870 1253 italicus
889 1190 921 1253 L.
939 1190 1021 1254 XIV.
1048 1212 1076 1255 r.
1097 1211 1167 1265 219.

559 1294 600 1353 Et
624 1293 670 1373 qui
684 1284 819 1372 praesenti
839 1289 970 1349 domitam
986 1288 1099 1372 perjura
1123 1289 1218 1351 Palici

561 1390 673 1450 Peiloro
692 1382 839 1469 srepplicio.

434 1489 493 1553 Ubi
518 1488 583 1553 Nic.
604 1487 736 1552 Heinsius
756 1485 851 1565 legere
869 1485 980 1549 mavult
998 1488 1135 1587 damam
1178 1486 1217 1549 Ο.

876 1665 976 1750 Siler

475 1868 520 1934 Ab
537 1865 596 1931 aliis
606 1862 715 1926 Silarus
731 1860 867 1927 &Siluiis
882 1862 994 1925 dicitur.
1005 1860 1155 1941 Dionysius
1166 1863 1197 1925 in
1206 1862 1313 1942 perieg.
1328 1871 1429 1945 v.361.

599 1960 722 2023 noluerim
743 1958 848 2036 προχοαὶ
879 1958 1032 2025 ssruerr'liuo
1055 1958 1179 2039 Σιλιέροιο.

434 2066 485 2131 ubi
509 2060 695 2127 Eustothioa:
738 2056 825 2116 coinon
858 2055 1057 2137 ineuntium·
1087 2058 1185 2134 utun
1215 2055 1336 2142 uirium,
1365 2063 1433 2129 λέγει

433 2162 493 2225 iiior
513 2159 561 2219 noli
581 2156 752 2234 Σιλᾶμῖῶν,
783 2158 819 2216 'ire
842 2156 888 2213 ceri
912 2153 1019 2227 lior&
1038 2154 1096 2221 'iriae
1115 2154 1215 2233 nolimu
1243 2162 1271 2214 ci
1295 2160 1431 2235 melpum

434 2263 517 2339 Qvair‘
537 2253 707 2317 leoniliolru,
730 2252 851 2332 (poulain
871 2253 913 2321 noir
934 2256 1037 2332 μορφὴν.
1070 2272 1224 2321 GRONOV.

474 2358 593 2441 oppido)
614 2355 762 2419 Cluverius
778 2354 840 2417 Ital.
863 2369 921 2417 ant.
941 2354 974 2416 1„
994 2353 1043 2418 IV.
1064 2376 1093 2434 p.
1119 2375 1206 2431 ¹254·
1244 2359 1271 2419 n
1293 2358 1430 2424 Cellariuo

432 2456 469 2519 G.
488 2458 520 2517 A.
540 2456 572 2517 L.
587 2453 624 2515 II.
647 2472 673 2515 c.
691 2453 745 2515 IX.
756 2471 785 2530 p.
803 2465 871 2533 578.
887 2471 971 2513 nome
991 2453 1097 2533 legunt
1111 2474 1182 2532 quos
1192 2456 1266 2517 vide.
1292 2473 1431 2523 nassum
1498 2512 1501 2519 .

474 2553 620 2617 Strabonis
636 2551 723 2613 verba
739 2551 884 2614 Eustachio
901 2568 1058 2617 memorata
1070 2553 1202 2632 leguntur
1221 2554 1252 2615 t.
1267 2553 1300 2616 V.
1315 2576 1345 2633 p.
1358 2577 1428 2633 251.

423 2653 525 2723 ¹Docet
543 2664 640 2713 autern
659 2663 822 2729 praeterea,
846 2650 967 2713 Silarum
983 2650 1127 2715 Picentem
1145 2654 1289 2731 regionem
1315 2655 1353 2716 ab
1380 2678 1430 2718 an.

431 2755 511 2831 tiqua
532 2750 686 2828 Campania
711 2748 881 2824 secreviffe,
900 2751 1026 2828 itemque
1045 2771 1161 2825 eorum,
1188 2754 1305 2828 quaein
1326 2772 1430 2831 aquam
1503 2755 1505 2766 '

432 2852 493 2925 ejus
511 2850 719 2925 conjiciantur,
740 2846 975 2924 lapidescentium
990 2870 1050 2911 non
1067 2850 1156 2911 modo
1171 2850 1294 2913 formam
1312 2872 1431 2916 manere

430 2948 551 3009 eandem
562 2944 611 3013 sed
627 2950 654 3008 So
670 2945 795 3007 colorem
812 2966 873 3007 non
889 2948 1001 3009 mutari.
1045 2949 1134 3026 Quod
1147 2949 1263 3025 quidem
1279 2951 1377 3013 minus
1389 2954 1429 3015 eli

424 3044 597 3109 ,verosimilu
642 3044 726 3107 Unde
741 3064 829 3107 neca
852 3046 920 3107 Silio
937 3046 1036 3109 italico
1062 3066 1118 3108 nec
1142 3045 1271 3109 oPlinio
1293 3048 1429 3114 offertum

427 3146 541 3227 legitur.
583 3144 637 3208 lste
659 3144 689 3207 L.
709 3142 787 3207 vlll.
813 3165 841 3206 v.
860 3156 928 3219 582.
954 3146 994 3207 ita
1018 3146 1115 3209 canite

513 3245 596 3306 Nune
620 3243 728 3305 Silarus
751 3264 817 3325 quos
831 3244 915 3304 nutrit
929 3244 1027 3323 aquis,
1046 3264 1098 3323 quo
1112 3240 1218 3327 gurgite
1231 3244 1345 3305 erarium

512 3343 650 3403 Duritiem
676 3339 798 3425 lapidum
823 3344 910 3423 merfis
930 3336 1068 3417 inolescere
1091 3342 1184 3403 ramis.

417 3441 488 3505 'Hic
505 3441 537 3502 L.
552 3440 589 3503 ll.
607 3460 632 3503 c·
656 3461 723 3519 103.
747 3441 879 3501 Similiter
897 3441 926 3500 in
942 3440 1054 3509 Silero,
1073 3438 1147 3499 ultra
1167 3440 1342 3511 Surrentum,
1375 3465 1431 3503 non

416 3540 551 3624 uirgulta
570 3540 647 3599 modo
662 3534 805 3630 immerso,
830 3560 924 3601 verum
943 3539 970 3598 θ’
982 3535 1058 3619 fiilia
1077 3531 1266 3621 lapidescunt,
1292 3537 1368 3597 alias
1378 3536 1429 3615 sa-

432 3640 504 3699 lubri
513 3639 583 3719 poiu
598 3633 655 3716 ejus
671 3656 767 3717 aquae.
812 3636 909 3699 Paullo
930 3653 998 3699 ante
1017 3639 1094 3699 idem
1106 3637 1143 3697 de
1151 3637 1291 3699 Ciconum
1306 3638 1429 3701 flumine

433 3736 577 3819 praedicat
595 3734 723 3810 Plinius,
745 3735 824 3811 quod
840 3736 877 3795 ael
890 3754 954 3813 pag.
976 3736 1099 3797 nostram
1119 3747 1158 3812 78
1173 3752 1305 3797 notatum
1326 3737 1427 3801 velim.

431 3840 478 3901 Sic
499 3835 577 3897 enim
597 3834 700 3895 habet:
722 3832 754 3892 ln
772 3833 898 3892 Ciconum
912 3834 1024 3910 flunrine
1043 3833 1111 3893 oin
1126 3834 1225 3894 Piceno
1239 3832 1305 3891 lacu
1331 3838 1361 3895 V
1359 3835 1430 3896 elino

425 3934 530 4017 lignum
550 3930 672 4015 dejeilum
691 3930 797 4013 lapideo
811 3932 909 3991 conice
928 3932 1114 3993 obducitur&
1138 3932 1167 3991 in
1188 3932 1269 3992 Surio
1287 3932 1428 3993 Colchidis

358 4036 361 4040 '
421 4033 558 4109 flumine,
590 4032 657 4089 adeo
688 4048 720 4089 ur
747 4029 865 4111 lapidem
893 4030 1046 4113 plenumque
1074 4033 1175 4091 durans
1207 4030 1297 4090 eunuc
1323 4032 1426 4115 integat

428 4145 528 4191 cortex.
571 4127 654 4191 Idem
669 4128 700 4193 L.
713 4128 832 4197 XXXI,
854 4149 881 4198 c.
897 4149 926 4200 2.
948 4129 1002 4199 alia
1019 4129 1146 4208 ejusden
1167 4130 1208 4194 rei
1230 4131 1364 4209 exempla
1384 4131 1424 4193 af·
