3225 5017
449 482 526 565 252
699 479 880 541 norro
939 474 1247 545 vitrorum

444 635 562 712 Auxiris
584 636 711 719 esidiua.
735 636 841 700 Tribus
856 637 982 702 millibus
1001 640 1037 703 ab
1060 644 1176 706 Anxure
1194 644 1276 707 iuiffe
1291 662 1330 707 ex
1349 644 1435 709 Hora·

447 734 604 813 sopater,
623 736 671 812 qui
691 735 781 797 Serm.
803 736 874 799 L.L
893 737 942 801 sat
961 738 995 803 V.
1016 761 1044 802 v.
1070 760 1118 816 24
1137 743 1193 806 src:

570 834 629 892 Ora
648 828 790 915 manusque
812 835 1012 914 titulavimus,
1033 841 1165 912 Feronia,
1186 841 1319 924 lympha,

567 930 665 991 Miltia
683 949 739 991 tum
754 937 850 1014 pranfi
863 936 918 995 tria
937 938 1071 1018 repimus,
1088 957 1168 1020 atque
1186 935 1310 1015 subimus

569 1031 720 1112 lmpofitum
735 1025 817 1106 flexis
840 1032 898 1093 late
921 1037 1096 1096 candentibus
1124 1040 1234 1106 Anxur.
1286 1064 1299 1093 x
1491 1029 1492 1124 l

444 1130 509 1197 lloc
525 1132 572 1193 cui
594 1150 655 1191 non
672 1130 810 1206 arriserit,
833 1130 928 1194 forsan
949 1134 1114 1198 festinantes
1139 1136 1217 1199 Vibii
1237 1137 1339 1199 oculos
1367 1138 1439 1215 apud
1491 1147 1492 1154 ’

443 1230 594 1309 Virgilium
609 1229 629 1292 l.
646 1250 673 1295 c.
696 1248 748 1308 pro
770 1229 833 1289 loeo
853 1230 950 1311 legisse
972 1233 1037 1292 lacu
1051 1234 1101 1296 fibi
1129 1235 1303 1313 persuaserit.
1340 1235 1440 1298 Cluve

444 1330 520 1393 rium
537 1328 670 1393 tamensi
692 1328 807 1404 audias,
850 1330 946 1405 „fons
964 1332 1024 1410 ipse
1043 1332 1181 1396 Feroniae
1201 1334 1286 1396 Vibio
1312 1335 1391 1397 inter
1408 1334 1440 1395 la·
1489 1323 1494 1414 l

444 1474 466 1511 „
490 1450 540 1493 cus
560 1442 801 1503 connumeratur,
838 1430 905 1507 quia
934 1432 1055 1509 copiosis
1077 1434 1158 1511 aquis
1179 1433 1268 1495 veluti
1299 1434 1331 1493 in
1366 1434 1440 1510 parvi
1492 1437 1493 1460 ¹

339 1532 344 1541 '
443 1572 466 1605 „
488 1528 575 1607 stagni
594 1530 714 1589 modum
734 1529 877 1606 erumpit3
899 1544 964 1592 tum
983 1550 1074 1609 aquae
1094 1532 1179 1593 etiam
1202 1530 1268 1593 sunt
1278 1529 1398 1592 salsulae
1417 1534 1441 1592 dt

445 1673 467 1705 „
489 1628 615 1707 corrupti
630 1625 679 1689 seu
698 1626 832 1689 medicati
849 1626 994 1706 saporis„
1020 1650 1049 1691 v.
1066 1629 1197 1693 leniant.
1214 1629 1248 1696 L.
1265 1628 1319 1691 lll.
1334 1648 1400 1706 cap.
1415 1646 1440 1704 t.
1493 1617 1494 1696 l

404 1782 407 1787 .
444 1726 597 1791 Caeterum
613 1746 633 1789 u
647 1727 769 1789 Feronia
791 1747 929 1805 quoque,
951 1728 1125 1807 Campaniae
1141 1728 1271 1807 nympha
1286 1730 1315 1790 dt
1330 1725 1442 1787 liberto·

442 1845 508 1889 rum
531 1824 610 1901 Dea,
629 1820 774 1905 'oppidum
791 1826 1011 1890 denominatum
1032 1828 1090 1902 est,
1116 1828 1238 1907 quod&
1259 1826 1341 1885 lucus
1368 1826 1441 1885 Fero·

443 1926 506 1987 niae
531 1924 659 2001 dietum,
681 1924 769 1987 hodie
787 1924 875 2005 vulgo
894 1928 990 1987 Piera
1005 1927 1095 1989 Saura
1124 1927 1285 2010 nuncupari
1304 1924 1438 1989 referunt

445 2040 474 2085 v.
491 2018 640 2087 Cluverius
657 2026 689 2085 st
710 2022 849 2089 Ortslius.
893 2025 933 2093 O.
1494 2027 1495 2048 ¹

857 2194 1029 2280 Fucinus

486 2410 514 2454 v.
533 2391 663 2471 Virgilius
682 2396 752 2459 Aen.
773 2394 888 2457 LVII.
912 2416 940 2457 v.
960 2402 1030 2473 75⁶·

572 2492 710 2557 Tenemus
734 2494 889 2576 Angitiae,
911 2492 1000 2555 vitrea
1017 2510 1043 2552 tt
1058 2492 1178 2553 Fucinus
1194 2491 1277 2553 unda.

444 2588 549 2659 Nescio
565 2606 681 2668 autem,
702 2612 759 2671 quo
778 2596 862 2670 paeto
886 2593 962 2655 dicat
983 2589 1189 2656 Emmenelsrus
1211 2592 1248 2652 ad
1267 2591 1302 2651 ir.
1322 2589 1342 2653 l.
1362 2590 1442 2655 Puci-
1496 2675 1497 2678 Ἴ

445 2708 516 2753 num
534 2690 565 2750 in
581 2690 705 2757 Lucania
733 2710 842 2769 ponere
859 2691 995 2765 Vibium,
1027 2709 1151 2772 eumque
1170 2689 1209 2753 ob
1236 2690 1267 2751 id
1290 2688 1408 2753 refutari
1428 2709 1444 2751 a

445 2786 589 2851 Cluverio.
621 2790 713 2864 Hujus
735 2789 798 2853 Ital.
815 2790 901 2867 antiq.
927 2791 986 2865 jam
1008 2790 1081 2849 mihi
1109 2786 1234 2848 nonest
1264 2788 1295 2849 in
1319 2804 1440 2866 promtu.

444 2885 549 2949 Forsan
566 2900 758 2965 peccaverunt
778 2906 883 2965 operae
899 2888 1059 2951 Hackianae
1078 2885 1362 2965 Wolfgangianaeve
1372 2886 1444 2966 plus·

444 3004 532 3063 quam
553 3006 641 3051 unam
656 2984 793 3065 syllabam
808 2986 952 3063 fuctus)
982 2987 1066 3048 Hunc
1083 2985 1175 3047 hrum
1197 3002 1373 3064 reponentes
1395 3005 1443 3064 pro

444 3085 616 3171 Arguto)
641 3086 724 3149 Hunc
742 3084 842 3147 lucum.
866 3086 955 3163 Quod
978 3085 1000 3148 sr
1021 3085 1131 3151 sanun
1150 3085 1256 3160 fuerit,
1280 3083 1444 3147 Emmenes·

360 3219 363 3224 ·
443 3187 500 3249 lius
519 3185 590 3249 mihi
609 3185 721 3249 videtur
744 3183 935 3248 absolvendus
954 3184 1011 3246 elie
1033 3183 1193 3263 suspicione
1216 3185 1367 3262 incuriaet
1404 3186 1443 3247 lin

443 3287 559 3360 minus,
578 3285 743 3351 dormitavit
760 3286 868 3364 utique.
903 3284 1034 3363 lnspesto
1056 3284 1175 3347 demum
1194 3282 1330 3347 Cluveriu
1356 3284 1390 3346 L.
1404 3282 1441 3347 11.

444 3402 507 3461 pag.
529 3402 597 3459 771·
621 3386 810 3449 animadverti
832 3385 870 3447 de
892 3377 1055 3463 tinguitia,l
1081 3384 1124 3445 uti
1147 3384 1350 3458 conjeceram,
1378 3400 1441 3444 eum

435 3498 536 3559 agere.
558 3495 695 3544 flesset.
781 3482 906 3547 Fucinus
919 3483 998 3545 lacus
1013 3482 1102 3544 bodie
1117 3500 1232 3560 quoque
1253 3480 1318 3563 logo
1331 3482 1441 3553 Formo,

444 3584 571 3660 itemque
585 3579 621 3641 ab
639 3582 752 3661 oppidis
767 3583 848 3655 juxta
866 3581 923 3643 sitis
938 3582 961 3643 il
974 3580 1039 3665 sago
1054 3581 1083 3639 di
1101 3578 1200 3641 celano
1218 3577 1309 3641 velli
1331 3577 1442 3661 Taglia·

447 3702 526 3767 rosto
549 3676 691 3769 salutatur.
714 3678 749 3741 In
767 3678 868 3741 Mariis
889 3680 1051 3742 constanter
1077 3680 1202 3758 ponitur.
1235 3677 1291 3739 Dio
1321 3677 1354 3741 L.
1380 3676 1440 3741 LX.

444 3802 474 3863 P·
495 3787 564 3859 6¹12.
587 3771 634 3839 Tit
654 3772 681 3833 ll
703 3772 789 3849 uuum
812 3773 855 3839 vlu
878 3777 998 3841 denitur,
1019 3776 1061 3842 stit
1087 3778 1134 3835 velt
1160 3775 1294 3850 Μιρσῖν,
1335 3773 1443 3837 tidinari

445 3882 457 3935 ὅ
481 3874 620 3945 maiust&
641 3876 663 3936 ἔς
692 3880 730 3932 τὶν
758 3873 864 3945 Τῖβεμι
885 3878 1028 3951 immolo.
1063 3875 1165 3939 Sttabo
1181 3890 1278 3937 tamen
1308 3875 1340 3937 L.
1358 3874 1393 3935 ν.
1413 3892 1439 3950 p.

447 3996 517 4050 240.
542 3974 602 4037 aliis
622 3992 736 4053 quoque
750 3972 884 4053 gentibus
902 3975 977 4053 cingi
1009 3994 1077 4037 eum
1104 3974 1201 4037 lacum
1223 3986 1439 4037 commemorat.

444 4076 527 4136 Idem
547 4093 649 4152 aquam
671 4072 810 4135 Marciam
834 4073 903 4133 inde
925 4074 1047 4134 derivari
1067 4074 1190 4134 Romam
1208 4072 1341 4146 testatur,
1357 4087 1443 4148 quam

446 4171 552 4235 Plinius
573 4192 588 4233 e
608 4171 726 4251 t’elignis
745 4190 823 4236 trans
839 4170 996 4237 illarius&
1022 4172 1164 4237 Fucinum
1195 4172 1291 4237 lacurn
1317 4168 1440 4234 defluere
