3225 5017
455 466 458 473 ·
571 424 620 545 sp
671 440 704 507 o
758 421 807 547 ψ
1097 450 1186 519 xrx

190 632 366 721 acceptum
397 616 529 711 refero,
569 626 668 720 cujus
710 622 950 699 munificentia
981 618 1184 720 Inscriptio·

188 766 275 815 num
310 760 451 831 quoque
483 740 616 811 Siciliae
665 743 818 832 itemque
862 742 1024 813 Panormi
1057 745 1185 817 eximia

187 879 312 949 opera,
350 878 428 925 meo
459 856 567 946 penui
597 844 691 925 haud
737 858 785 927 ita
809 854 944 947 pridem
976 856 1071 927 illata
1107 858 1184 952 glo-

189 973 271 1041 rior.
322 966 509 1040 Addiderat
532 985 609 1038 tum
643 964 890 1061 opusculorum
915 992 1055 1061 quoque
1086 972 1184 1042 Sicu-

190 1086 305 1155 lorum
335 1081 549 1163 academiae,
583 1106 669 1173 quae
697 1107 716 1153 a
738 1066 832 1154 bono
847 1079 964 1176 sapore
984 1080 1185 1153 nomenha·

189 1198 269 1279 bet,
295 1198 475 1267 volumina
488 1194 713 1268 Reverendus
734 1200 817 1282 vir,
841 1220 944 1289 quem
964 1196 1085 1267 itidem
1101 1198 1185 1265 ami

192 1315 292 1382 citiae
325 1306 432 1381 cauffo
467 1313 640 1393 nomino,
703 1331 904 1385 snLvATOR
941 1330 984 1382 nl
1017 1330 1044 1379 s.
1080 1324 1187 1381 anast

189 1428 353 1497 Decanus
388 1424 632 1495 Benediilinus
664 1420 886 1505 Caffinensrs,
913 1424 970 1493 cui
994 1423 1087 1491 inter
1104 1421 1188 1490 Aca-

191 1540 344 1611 demicos
367 1539 630 1609 Panormitanos
660 1538 790 1610 Corindi
821 1539 928 1609 Attici
951 1557 1081 1607 nomen
1104 1530 1162 1603 est.

241 1752 462 1824 Adminicula
489 1750 628 1821 aliunde
650 1748 907 1825 subministrata
925 1749 996 1825 suis
1028 1768 1190 1843 quaeque

198 1865 285 1936 locis
317 1882 433 1956 gratus
463 1862 710 1957 depraedicavi.
731 1852 749 1885 x

257 2046 293 2119 Si
328 2068 415 2137 quae
452 2042 493 2115 de
532 2061 665 2117 caetero
697 2043 783 2137 fint,
805 2051 845 2119 in
881 2050 1010 2141 quibus
1041 2045 1190 2121 humani

198 2156 283 2251 quid
308 2152 418 2251 pallus
450 2157 517 2227 tibi
541 2155 636 2228 visus
671 2136 797 2239 l‘uero,
838 2164 953 2246 iniis
992 2159 1192 2243 reitiorasr

196 2275 385 2355 docueris,
431 2266 530 2341 facile
553 2295 608 2341 me
638 2269 704 2343 tibi
734 2267 983 2345 adsentientem
1026 2272 1191 2354 habebis,

196 2386 340 2459 candide
362 2388 495 2457 Lector.

239 2569 323 2637 Duo
351 2562 433 2637 lunt
461 2564 619 2655 tandem,
665 2558 778 2659 duae,
806 2566 1008 2662 priusquam
1030 2566 1113 2644 hinc
1139 2570 1192 2642 di·

195 2679 351 2761 foedam,
373 2683 547 2753 monitum
569 2682 742 2756 tevelim.

246 2864 405 2935 Primum
430 2859 568 2971 respicit
587 2858 801 2947 asteriscum,
833 2883 936 2957 quem
957 2868 1000 2937 iis
1018 2866 1194 2957 adpidum

197 2978 355 3047 articulis
387 2979 573 3058 invenieS,
617 2980 680 3067 qui
719 2976 907 3076 dubiiaut
939 2977 1085 3073 suspedi
1111 2978 1194 3054 lunt

200 3084 291 3171 uisu
325 3089 538 3184 appingendi
565 3104 682 3161 autern
704 3110 826 3187 terant¹
848 3113 1024 3187 praeterea
1047 3094 1148 3168 illis:

446 3290 540 3364 Μ.
590 3275 726 3355 Anien,
764 3262 893 3359 Allia,
943 3350 962 3368 -‚

516 3402 546 3474 5.
594 3388 771 3480 Arimaspe
886 3402 890 3410 '
939 3367 966 3395 ,.

508 3508 542 3570 6.
594 3504 750 3573 Aternus.
784 3502 898 3597 Apsus
1020 3567 1023 3574 ,

510 3622 543 3697 8·
600 3616 714 3707 Gustu

507 3709 543 3813 9¹.
594 3732 740 3799 Drinius

478 3860 532 3929 19.
588 3846 692 3915 Taras

425 4046 432 4056 Δ,
453 3974 570 4031 contra
598 3956 849 4052 expungendus
878 3956 928 4029 eu

416 4097 450 4166 p.
479 4088 537 4149 22.
563 4074 601 4145 in
630 4075 794 4173 Libethra-r
