3225 5017
464 453 534 513 An
595 451 855 514 Ftvmlnt
926 461 929 468 '
1103 469 1159 550 77

161 613 245 693 Apud
260 609 436 675 Boccaclm
453 609 510 674 ic:
530 608 636 693 Anigtr
652 604 704 684 seu
722 609 837 694 Antiger
857 610 903 673 vel
921 612 1034 698 Anager
1051 617 1159 696 fluvius

160 705 384 794 galleffaliae,
408 710 437 769 in
451 729 503 790 quo
525 755 534 770 .
557 752 566 771 .
589 745 598 770 ι
621 707 726 771 Savaro
745 709 783 771 ad
802 711 913 773 Sidonii
929 732 1016 775 carm.
1044 717 1108 780 XV.
1127 742 1156 786 r.

161 828 229 883 142.
251 808 370 892 Aviger.
395 821 532 870 nasset..
616 805 679 868 lma
706 826 771 885 pars
787 807 876 871 Elidis
899 803 930 870 in
962 809 1159 892 Peloponneso

158 908 234 969 dina
248 899 418 987 Triphylia,
438 907 521 982 cuiun
538 905 680 984 oppidum
697 925 763 968 arce
782 905 950 971 instructum
964 910 1075 973 irenen
1098 915 1159 980 Ho-

155 1024 254 1069 merus
269 1003 352 1072 lliad.
373 1006 404 1069 L
422 1005 492 1068 XII.
511 1026 540 1067 v.
555 1023 624 1082 par.
646 1002 763 1081 laudat,
785 1025 880 1086 prope
898 1006 977 1086 quod
1003 1008 1160 1093 Minyeiurr

156 1106 267 1170 flumen
285 1106 317 1166 in
328 1123 407 1167 mare
421 1106 573 1167 decurrere
588 1100 695 1165 scribit}

322 1197 372 1265 ser
393 1202 458 1263 livor
478 1198 582 1274 masesele
609 1196 725 1264 Mnester
746 1205 780 1264 εἷς
794 1195 850 1262 ἶλαι
869 1193 988 1276 primm

293 1375 297 1380 ι
324 1293 442 1369 ’tysim
463 1298 558 1375 'Apim
578 1336 586 1360 a
611 1341 619 1360 .
640 1339 649 1360 .

157 1402 274 1464 irenen
299 1397 420 1460 Homeri
442 1395 536 1458 forsan
550 1398 694 1460 Samicum
721 1395 776 1458 elle
796 1397 828 1460 in
853 1417 904 1462 ora
929 1398 1058 1470 situm&
1092 1405 1157 1470 Mi.

157 1499 251 1581 nyiunr
265 1498 387 1560 fluvium
410 1496 506 1574 postea
526 1495 635 1560 ditium
651 1496 783 1577 Anipom
804 1498 891 1559 tradit
913 1497 1013 1562 Strabo
1031 1501 1063 1564 L.
1076 1503 1155 1574 vni.

155 1618 187 1676 p.
212 1603 280 1674 346.
323 1595 411 1658 Addit
434 1597 462 1656 dc
484 1605 599 1656 antrum
632 1591 833 1674 Nympharum
856 1597 1039 1676 Anigriadom
1066 1621 1158 1684 prope

155 1694 239 1757 soille
253 1697 283 1756 nr
299 1694 434 1772 inimum
449 1693 633 1770 profundum
642 1693 874 1774 {regnantemque
886 1695 957 1774 elle,
969 1699 1008 1760 ita
1020 1715 1053 1762 ut
1066 1703 1156 1782 pisces

156 1793 214 1856 esui
228 1791 436 1854 incommodos
449 1792 562 1853 reddat.
607 1792 695 1868 Cujus
711 1792 752 1852 rei
765 1792 912 1870 duplicem
939 1797 1061 1874 peullam
1081 1819 1097 1861 e
1115 1801 1156 1863 fa·

156 1891 231 1954 bulis
248 1891 354 1952 adferri
371 1890 470 1964 docet,
495 1889 543 1952 vel
560 1891 639 1968 quod
657 1890 867 1955 Centaurorum
894 1896 1046 1973 nonnulli,
1083 1919 1158 1977 quor

155 1990 296 2055 Hercules
314 1989 529 2066 vulneraverat,
552 1989 592 2050 ibi
618 1989 726 2068 hydrae
747 2009 893 2053 venenum
918 1993 1077 2074 abluerint,
1108 1973 1158 2062 vel

156 2091 238 2169 quod
253 2088 415 2166 Melampus
435 2089 473 2150 ad
486 2087 641 2149 lustrandas
657 2088 800 2150 Proetides
823 2109 857 2152 ea
879 2091 964 2152 suerit
980 2114 1053 2172 aqua
1079 2096 1152 2162 usuc

156 2190 276 2268 Repetit
294 2187 440 2250 Strabonis
459 2186 623 2246 doctrinam
640 2185 786 2248 Pausanias
805 2185 965 2250 Eliacorum
980 2191 1073 2268 primo
1091 2214 1154 2274 cap.

160 2310 186 2365 ς.
214 2302 302 2364 atque
321 2300 428 2347 tetrum
442 2283 528 2346 istum
544 2284 665 2344 odorem
689 2285 793 2346 rectius
811 2302 827 2344 e
847 2295 941 2372 terra,
964 2287 1041 2348 unde
1056 2291 1155 2368 effluit,
1270 2297 1274 2307 ·

131 2445 135 2452 .
155 2407 259 2466 aquam
278 2387 405 2462 recipere
417 2383 535 2458 adjicit,
559 2383 637 2460 quod
660 2377 785 2444 idem&
808 2381 891 2460 supra
917 2382 1032 2458 Joniarn
1059 2389 1157 2451 obser.

155 2500 250 2550 retur.
292 2484 425 2566 Anigrum
442 2502 527 2560 porro
545 2501 561 2542 e
582 2481 704 2562 lapitha
717 2480 854 2543 Arcadiae
881 2497 981 2544 monte
1003 2485 1154 2552 decurrere

157 2586 275 2648 testatur
289 2602 324 2644 ac
338 2582 430 2642 statim
449 2599 467 2643 a
482 2580 563 2641 fonte
579 2581 701 2658 graviter
715 2578 801 2642 olere·
845 2579 977 2659 Denique
991 2583 1154 2649 Minrerirror

155 2701 273 2762 quoque
287 2679 425 2759 Minyium
444 2679 571 2740 nostrum
594 2677 640 2740 vel
652 2678 784 2762 Anigrunr
807 2677 963 2758 apellatum
985 2682 1085 2760 suillo,
1101 2707 1152 2750 au-

155 2786 217 2844 tior
239 2779 281 2840 est
295 2777 394 2840 Strabo
416 2777 448 2840 L.
468 2775 548 2855 vul.
563 2797 594 2856 p.
615 2794 682 2855 347.
701 2779 781 2852 cujus
797 2779 922 2840 nominis
944 2779 1034 2842 caussa
1056 2783 1152 2850 forsan

154 2882 185 2942 in
208 2879 306 2941 vicino
326 2890 447 2951 monte,
471 2895 557 2954 quem
576 2874 699 2934 Munium
726 2895 790 2954 pag.
827 2895 894 2954 344.
932 2891 1037 2949 vocat,
1067 2903 1152 2960 quae·
1259 2937 1264 2956 ,

156 2980 263 3052 renda3
287 2976 336 3036 etsr
360 2975 500 3036 scribendi
520 2975 612 3035 forma
628 2973 706 3035 haud
725 2973 837 3051 prorsus
861 2977 1022 3043 conveniat.
1064 2979 1153 3044 lntel.

153 3078 217 3158 ligis
238 3095 277 3137 ex
295 3074 396 3147 dinis,
414 3072 462 3150 qui
479 3071 547 3147 liat,
567 3087 599 3134 ut
621 3069 800 3134 Dioscorides
823 3072 897 3136 Elidi
924 3074 1063 3139 adscribat
1083 3081 1151 3145 Ani.

155 3197 248 3259 grum.
293 3171 453 3235 Thessaliae
473 3191 524 3234 cur
543 3171 649 3234 tribuat
676 3172 852 3246 Boccacius‚
883 3170 989 3250 ac‘cipe.
1048 3175 1151 3236 Orcho-

156 3296 246 3336 menus
272 3270 430 3334 Theil'aliae
449 3271 591 3352 fluvius-‘dt
606 3269 666 3348 ipse
681 3269 795 3350 Minyei
811 3272 928 3332 nomine
943 3273 1044 3342 venit,
1058 3273 1149 3338 Plinio

154 3378 222 3440 teste
236 3375 270 3442 L.
286 3372 336 3436 Ill.
350 3392 375 3432 c.
395 3383 424 3443 8.
447 3371 483 3432 ad
506 3389 591 3448 quem
611 3369 708 3431 locum
733 3368 901 3452 Harduinur
922 3367 1041 3432 Homeri
1063 3373 1150 3440 verba

154 3474 283 3554 superius
295 3469 384 3532 relata
399 3471 489 3531 invita
503 3468 599 3552 trahit.
616 3541 620 3546 .
644 3466 731 3530 Istum
747 3469 1003 3548 mmenlllinyeum
1015 3472 1150 3538 boeotiae

155 3574 304 3637 vindicant
323 3568 378 3629 alii.
423 3567 569 3646 Quicquid
587 3567 637 3642 srt,
661 3566 813 3646 appellatio
832 3569 932 3631 eadem
956 3570 1067 3634 duobus
1095 3574 1148 3635 flu·

102 3713 106 3718 -
153 3674 225 3747 viis,
247 3658 372 3748 quorum
389 3665 458 3730 alter
475 3666 584 3745 rigabat
593 3665 772 3745 Triphyliam
785 3665 856 3728 alter
872 3667 1150 3744 Thessaliam,com-
1204 3679 1215 3710 ⁸

154 3771 266 3846 munis,
287 3766 382 3828 forsan
400 3767 430 3826 in
451 3765 542 3829 caulla
566 3765 639 3841 fuit,
666 3781 697 3829 ut
714 3765 811 3828 secum
832 3768 1076 3830 confunderentur
1106 3768 1148 3828 in·

155 3870 257 3930 vicem.
302 3866 343 3927 Ni
358 3863 485 3926 arbitrari
498 3863 597 3940 malis,
610 3865 687 3944 apud
699 3865 871 3929 boccacium
893 3885 945 3946 pro
963 3863 1100 3946 Triphylia
1114 3865 1148 3927 li.

154 3967 313 4030 braciorum
336 3964 421 4042 culpa
438 3959 593 4042 Tlefflliam
609 3963 677 4043 legi.
734 3965 813 4026 llaec
829 3965 849 4025 sr
865 3966 959 4026 minus
983 3962 1143 4038 arrideant,

153 4085 216 4130 mea
240 4084 314 4148 pace
335 4062 486 4148 alapirna
509 4077 623 4144 monte,
654 4082 691 4126 eu
710 4083 768 4144 quo
789 4063 907 4144 profluit
926 4062 1046 4142 Aniger,
1074 4059 1148 4157 Boc:
