3225 5017
429 476 514 558 ros
642 483 831 548 uorat
868 475 1208 550 “sanson-um

424 646 517 713 ιοκίοι
552 665 603 728 per
638 643 808 708 Chalcidem
843 639 1084 721 &Calydonium
1106 637 1282 704 decurrebat
1350 639 1426 703 Ante

427 743 519 812 dietus
541 745 702 824 Lycormas
727 762 758 805 v.
773 739 875 806 Strabo
892 737 913 802 l
930 758 958 807 c.
1002 755 1028 804 s.
1049 738 1181 806 enom

823 902 1045 1020 Euphrates

472 1105 631 1185 Euphrates
639 1101 864 1181 Mesopotamiae
874 1100 977 1163 fluvius
994 1099 1076 1163 limes
1092 1100 1204 1179 imperii
1219 1097 1343 1162 Romani
1358 1118 1429 1162 con-

431 1207 560 1280 stitutus,
583 1222 641 1281 quo
675 1199 913 1263 submoverentut
935 1199 1038 1262 Parthi.
1072 1219 1100 1261 v.
1133 1199 1264 1262 Lucanus
1299 1200 1329 1262 L·
1348 1199 1427 1261 Vlll.

430 1325 460 1369 v.
481 1323 550 1380 ης.
576 1300 736 1379 Propertius
756 1298 786 1361 L.
804 1297 842 1362 ll.
859 1296 931 1377 eleg.
954 1297 1032 1360 Vlll.
1054 1317 1084 1360 v.
1103 1316 1148 1376 17·
1173 1297 1205 1360 L.
1224 1295 1274 1358 lll.
1288 1295 1360 1375 eleg.
1374 1295 1428 1359 lll.

430 1423 460 1464 u.
484 1417 510 1479 3.
533 1396 716 1476 t.1v.eleg.
736 1394 787 1460 iil.
811 1416 840 1460 v.
865 1413 915 1474 79.
932 1394 1104 1458 Claudianus
1124 1395 1154 1456 in
1172 1395 1266 1473 primo
1289 1395 1354 1458 cos.
1375 1397 1431 1459 Sti.

430 1500 518 1563 boon.
540 1498 574 1563 L.
590 1497 613 1559 l.
634 1515 662 1558 v.
690 1513 738 1574 53.
761 1509 900 1559 nasset.
985 1493 1040 1557 Cui
1070 1492 1151 1555 bono
1170 1493 1220 1555 ilia
1248 1493 1431 1572 repetitio&

300 1628 311 1640 ·
431 1599 544 1662 surita
564 1594 776 1660 diverfimodei
811 1593 926 1656 Scilicet
945 1590 1015 1654 hinc
1040 1605 1119 1654 cerro
1143 1589 1275 1670 colligere
1290 1590 1359 1653 licet
1383 1591 1432 1652 Vi-

431 1695 513 1759 bium
531 1693 567 1756 ab
582 1691 797 1755 amanueniium
820 1710 905 1772 grege
929 1689 1072 1754 &misere
1096 1689 1226 1753 habitum
1247 1693 1275 1753 dt
1297 1710 1314 1752 a
1339 1691 1433 1769 poste·
1509 1703 1510 1708 ’

388 1795 395 1806 ’
432 1794 514 1857 rioris
533 1793 597 1854 aevi
609 1790 798 1870 grammaticis
820 1791 939 1870 turpiter
955 1788 1010 1852 elie
1031 1789 1244 1868 interpolatum.
1287 1790 1364 1852 Nam
1385 1787 1433 1852 vel
1511 1793 1512 1798 ’

432 1892 512 1971 prior
527 1887 575 1951 vel
590 1888 727 1968 posterior
749 1887 887 1954 articulus
910 1889 986 1951 haud
1017 1888 1105 1952 dubie
1120 1889 1161 1951 eli
1180 1889 1310 1952 inscitius
1338 1891 1366 1951 dr
1390 1890 1436 1950 in·
1512 1897 1513 1912 ³

433 1989 587 2052 terdittum
620 1987 758 2050 Praetoris
780 1987 892 2050 metuit.
925 2001 952 2055 J.
972 2001 1079 2056 coru„
1096 2002 1140 2050 nr
1162 2002 1251 2050 saw.
1347 1986 1437 2066 Equi-

288 2169 292 2179 η
342 2081 380 2098 ”
436 2089 506 2151 dem
525 2087 662 2150 Praetoris
688 2087 767 2148 vices
787 2085 837 2148 hic
859 2084 930 2148 mihi
951 2083 1052 2160 sumo,
1074 2085 1314 2166 posterioremque
1331 2087 1436 2156 articu-
1514 2101 1515 2110 ¹

436 2182 525 2262 lum,
545 2187 594 2264 qui
615 2185 706 2264 inepti
728 2182 885 2266 gloliatoris
911 2181 1060 2246 obscuram
1093 2183 1203 2248 redolet
1230 2183 1436 2264 diligentiam,

438 2283 610 2350 submoveo.
654 2283 692 2346 0.
776 2281 849 2357 Ista,
870 2300 943 2363 quae
957 2283 988 2346 in
1004 2273 1151 2360 perperam
1165 2283 1282 2359 adjectis
1301 2283 1437 2362 leguntur

439 2382 588 2462 repetitae
600 2379 750 2458 Sallustio,
773 2379 915 2444 debentur
932 2379 1109 2460 Hieronymo
1123 2381 1160 2444 de
1176 2380 1233 2444 loc.
1252 2382 1342 2448 Hebr.
1357 2384 1436 2464 apud

437 2499 525 2560 quem
547 2474 682 2556 scriptum
699 2477 739 2540 est
757 2477 925 2561 demonstrari
938 2497 990 2557 pro
1005 2478 1148 2560 monstrari.
1162 2493 1300 2550 HESSEL.
1370 2481 1437 2543 Par·
1518 2521 1519 2534 η

438 2580 519 2646 thiae
543 2576 718 2656 Euphratem
737 2580 836 2640 annor
858 2577 895 2639 de
918 2576 1012 2642 fluviis
1030 2597 1144 2657 quoque
1170 2576 1307 2658 ailignar;
1349 2581 1437 2642 ratio·

438 2696 507 2742 nem
526 2675 627 2738 docuit
651 2673 800 2740 Helielius.
844 2673 927 2740 Idem
947 2674 1019 2750 ille,
1050 2675 1107 2740 sive
1130 2675 1295 2741 Plutarchus
1319 2677 1360 2742 fit·
1380 2679 1438 2741 five

438 2775 528 2848 alius,
551 2772 621 2835 olim
630 2774 793 2849 ,larundam
813 2773 922 2838 dietum
952 2761 1034 2837 fuiiic
1058 2774 1167 2851 refert,
1207 2777 1303 2855 postea
1321 2777 1439 2840 Medion

437 2893 456 2938 a
476 2873 567 2936 Medo
579 2873 741 2935 Artaxerxis
757 2870 837 2947 filio,
859 2873 944 2935 undis
962 2873 1023 2950 ejus
1041 2871 1152 2949 merlo,
1176 2875 1294 2940 demum
1310 2877 1439 2958 Euphra·

439 2987 492 3032 rem
505 2970 542 3032 ab
559 2970 697 3032 Arandaci
717 2970 777 3033 lilio
795 2971 949 3050 Euphrate.
994 2973 1155 3050 Utrumque
1188 2973 1312 3038 fabulam
1345 2974 1439 3054 sapit,

440 3088 497 3154 pec
517 3070 613 3132 minus
628 3068 722 3146 illud,
744 3071 823 3150 quod
853 3071 890 3132 de
922 3071 1015 3151 hstige
1035 3069 1129 3149 lapide
1155 3072 1271 3150 adjicit,
1303 3073 1333 3136 in
1357 3089 1443 3152 partu,

442 3167 553 3232 difficili
579 3167 720 3246 prodesse
762 3167 863 3232 Fluvio
876 3169 965 3244 hodie
990 3189 1098 3232 nomen
1115 3171 1193 3232 Frar.
1231 3169 1305 3234 Item
1339 3174 1443 3234 Nabar

295 3266 299 3273 '
339 3273 347 3299 ³
444 3263 577 3346 aritium
594 3268 803 3352 &Moradsm
820 3268 878 3349 five
890 3287 980 3347 aquae
995 3268 1133 3332 desiderii.
1177 3269 1256 3332 Sitne
1273 3271 1444 3352 navigabilis

440 3383 481 3463 an
504 3366 618 3439 minus,
641 3365 764 3448 disputat
780 3368 810 3430 S.
828 3368 916 3431 Croix
935 3367 966 3430 in
981 3367 1110 3432 Examen
1127 3368 1247 3448 critique
1271 3369 1323 3434 des
1342 3369 1442 3436 histor.

444 3459 643 3527 d’alexannre.
658 3483 688 3542 p.
711 3483 782 3543 292.
827 3466 866 3530 O.
903 3538 906 3546 ¹

846 3627 1015 3716 Eurotas
1133 3694 1136 3698 ›

487 3828 660 3906 Lasanices)
682 3827 720 3898 lic
740 3823 903 3906 legendum.
918 3848 948 3894 v.
967 3825 1047 3892 Mela
1066 3827 1099 3894 L.
1118 3827 1156 3892 ll.
1173 3847 1236 3910 cap.
1254 3849 1281 3910 3.
1311 3830 1447 3896 Straboni

445 3930 532 3993 etiam
551 3927 677 3991 haustui
696 3926 809 3989 dicitur.
828 3940 982 3994 okouov.
1067 3927 1187 4007 Triplex
1197 3927 1319 3992 Eurotae
1336 3949 1447 3992 nomen

446 4027 534 4088 refert
552 4022 656 4088 dubius
679 4027 777 4088 audior
791 4024 829 4086 de
847 4023 964 4102 fluviis,
989 4026 1081 4090 ditius
1096 4027 1379 4108 quippe'Mararlan,
1391 4029 1448 4091 Hi·

447 4142 551 4198 merus,
575 4121 706 4185 Eurotas.
748 4121 1081 4218 transmaritimum,
1102 4125 1174 4188 illud
1193 4126 1358 4192 abHinrero
1372 4129 1447 4212 Tay·
