3225 5017
491 523 563 581 ur>
632 491 848 585 mo'urrs
1088 528 1185 617 ,377
1245 486 1252 535 ⁷

180 685 228 741 ree
248 679 349 758 patria.
372 678 453 743 Haeo
470 667 623 746 noriilima.
645 662 745 743 illinus
761 694 831 743 nota
843 658 943 759 Velia,
959 683 1040 749 locus
1054 684 1185 775 Romae3

177 780 262 853 cujus
295 780 427 841 meminit
457 779 607 857 Dionyfi'us
638 778 730 845 Halic.
774 780 805 842 L.
839 780 874 842 V.
934 782 1069 847 Montem
1103 786 1200 851 firiffe'
1313 833 1316 837 -

122 876 129 889 ⁶
179 875 226 937 vol
250 876 361 939 collem
380 878 463 951 sane,
480 891 559 957 patet
578 897 614 939 err
630 878 727 950 livio,
749 880 798 956 qui
821 878 854 944 L.
872 876 910 941 11.
931 900 957 943 c.
980 900 1008 961 7.
1028 882 1077 945 ubi
1104 883 1186 948 Vale·

179 976 262 1039 rium
281 976 457 1042 Publicolam
488 978 535 1039 Cs.
568 962 600 1037 in
622 976 812 1055 suspicionem
839 976 944 1040 veniffe
966 978 1080 1056 scribit,
1125 984 1184 1046 ita:

183 1076 306 1157 Regnum
331 1097 389 1135 eum
400 1072 520 1155 effetiare
535 1121 545 1152 ,
559 1071 640 1155 ferma
650 1072 776 1154 serebat:
797 1077 862 1157 quia
876 1100 924 1137 nec
946 1079 1076 1162 collegam
1092 1076 1187 1157 fiabra.
1291 1148 1293 1153 ,

179 1191 297 1255 gauerat
316 1174 344 1233 in
360 1173 448 1233 lotum
463 1174 565 1243 Bruti,
586 1166 792 1250 &aedificabat
816 1175 844 1234 in
855 1170 963 1251 fitmma
982 1178 1070 1239 Velia.
1093 1180 1131 1247 cf.
1157 1183 1186 1244 lit

186 1270 356 1333 Plutarchus
384 1274 415 1331 in
442 1271 595 1334 Publicola.
634 1274 707 1334 Rem
744 1274 861 1336 conficit
886 1275 975 1338 Varro
999 1278 1035 1340 de
1055 1278 1085 1341 L·
1097 1279 1128 1342 L.
1152 1276 1186 1346 L}

183 1366 234 1446 lv,
260 1390 285 1431 c.
316 1380 344 1440 8.
368 1370 519 1432 Ubienim
539 1372 583 1433 de-
593 1370 699 1433 Palatio
720 1372 791 1436 haec
817 1374 971 1453 narrasset,
1010 1398 1082 1457 quae
1104 1378 1186 1459 supra

184 1467 222 1529 ed
242 1468 400 1532 Palatinum
424 1483 554 1561 montem
569 1472 723 1535 adferenda
742 1472 877 1536 fuerant:
912 1476 1035 1555 Quartae
1049 1478 1186 1562 regionis,

185 1568 351 1645 Palatium,
381 1571 455 1651 quod
478 1570 609 1636 Palantes
636 1590 695 1629 eum
717 1572 850 1632 Euandro
871 1592 1018 1645 uenerunt,
1046 1593 1095 1634 aut
1117 1578 1190 1656 quod

186 1667 332 1745 Palatini,
355 1671 400 1751 qui
425 1670 454 1730 δ’
476 1670 657 1751 Aborigines,
679 1691 713 1727 ex
729 1691 795 1751 agro
816 1671 948 1745 Reatino,
971 1672 1017 1751 qui
1034 1672 1188 1754 appellatur

187 1766 350 1843 Palatium,
371 1769 410 1828 ibi
435 1766 616 1841 consederunt.
647 1769 704 1827 Sed
721 1768 772 1826 loc
789 1766 842 1826 alii
862 1790 881 1826 a
899 1766 1015 1829 Palatia
1034 1790 1117 1829 uxore
1132 1770 1189 1829 Le-

186 1865 238 1925 tiru'
260 1884 403 1947 putarunt.
420 1868 555 1933 ,Eundem
578 1866 648 1926 irunt
678 1864 766 1924 locum
795 1888 815 1923 a
841 1886 935 1947 pecore
965 1866 1060 1925 ditium
1085 1884 1188 1949 putant

187 1962 319 2042 quidam
339 1966 429 2046 itaque
457 1964 583 2025 Naevius
607 1962 765 2025 Balentium
787 1963 918 2046 appellat.
950 1977 1012 2028 tum
1043 1960 1210 2045 subJungit'
1288 2036 1292 2047 ¹

187 2059 283 2126 haece
307 2064 383 2122 Huic
408 2063 561 2124 Germalum
586 2062 613 2123 ὁ
637 2061 730 2122 Veliae
757 2061 951 2143 conjunxerunt
974 2064 1121 2125 &initae
1150 2089 1189 2126 re.

186 2159 266 2242 gione
280 2156 447 2244 sacriportus
475 2162 528 2244 esi,
551 2161 671 2222 &inea
679 2161 722 2241 fic
731 2156 882 2242 scriptume
899 2160 1071 2241 Gemtaletrsts
1090 2162 1190 2243 quinti-
1248 2168 1251 2174 '

188 2253 283 2339 cepsos
304 2262 380 2339 apud
410 2262 501 2320 aedem
523 2258 643 2328 Romuli.
682 2246 809 2338 Wlienfis
836 2252 1003 2341 sexticepfirs
1030 2262 1058 2319 in
1088 2259 1188 2336 Velie,
1305 2286 1323 2325 ·.

189 2359 269 2438 apud
285 2359 376 2417 asten
395 2358 485 2419 Deum
505 2358 649 2418 Penatium
671 2403 679 2418 .
703 2403 711 2419 .
736 2403 744 2419 .
770 2357 861 2417 Veliae
889 2359 958 2417 unde
983 2352 1079 2434 effent,
1095 2356 1191 2441 plures

192 2456 288 2537 accepi
309 2450 434 2533 eauffas,
449 2457 477 2517 in
495 2457 590 2538 queis,
613 2457 686 2537 quod
702 2455 740 2515 ibi
754 2456 873 2538 pastores
890 2454 1016 2515 Palatini
1036 2476 1071 2514 ex
1095 2456 1191 2516 ouibus
1222 2516 1224 2521 ,

191 2572 257 2614 ante
284 2550 419 2639 tonsuram
441 2555 574 2617 muentam
596 2553 692 2615 uellere
713 2553 807 2614 lanam
829 2556 885 2634 smt
898 2548 986 2630 soliti.
1025 2554 1192 2634 ltaqueve-
1249 2630 1250 2633 Ἴ

190 2653 230 2716 lio
251 2652 360 2717 summa
387 2653 434 2716 vel
456 2654 553 2717 Veliae
579 2656 750 2730 conjuneiae
787 2652 914 2717 Palatino
943 2654 1035 2715 monti
1055 2652 1190 2715 Velinum

190 2765 324 2815 montem
348 2754 546 2833 arguamne
570 2753 628 2815 hoc
642 2752 702 2831 ipso
723 2751 943 2831 intelligendum
967 2765 1190 2814 monumentum

192 2855 378 2931 Ancymnum
402 2855 479 2933 apud
494 2853 651 2917 Gruterum
670 2872 734 2931 pug-
757 2850 937 2914 ccxxxll.
967 2852 994 2913 ἃ
1018 2850 1095 2929 apud
1113 2849 1192 2912 chis-

192 2952 259 3015 hull
279 2954 309 3013 in
321 2952 518 3030 Antiquitatib.
536 2952 664 3016 Afiaticis
682 2971 745 3029 pag.
760 2969 831 3028 ¹74·
851 2966 899 3013 ru.
916 2964 1050 3013 summu.
1074 2964 1190 3012 suern.

194 3068 270 3135 vro.
294 3066 425 3114 renem.
455 3067 564 3115 utrum.
592 3064 793 3113 ultumum.
827 3064 875 3111 ru.
905 3063 1022 3111 virle.
1059 3061 1190 3108 renem.

194 3168 427 3224 Juvutttuns.
451 3165 580 3213 AEDEM·
605 3163 748 3211 MATRIS.
773 3152 932 3211 MAGNAE.
955 3160 1004 3209 Iu.
1028 3158 1189 3207 eomlo-

196 3269 286 3318 rEcI.
310 3253 382 3315 Inde
398 3269 512 3329 quoque
532 3249 633 3311 Velina
652 3248 727 3308 dieta
744 3245 836 3307 tribus
856 3244 934 3322 apud
955 3242 1068 3305 Livium
1091 3259 1136 3319 ep.
1159 3241 1193 3306 L.

195 3354 286 3418 xlx
309 3355 393 3413 Duae
416 3351 503 3411 tribus
523 3345 639 3431 anetae
656 3340 722 3423 suut
742 3342 840 3406 Velina
860 3341 887 3402 δ’
904 3340 1030 3420 Quirina.
1053 3338 1120 3415 Ejus
1135 3338 1190 3402 fre·

195 3453 352 3533 quemme,
373 3470 456 3527 quam
479 3448 644 3527 scriptores,
660 3443 818 3506 meminere
843 3460 993 3505 marmora.
1005 3438 1147 3519 Exemplo
1159 3438 1193 3502 fit

197 3551 280 3631 apud
300 3550 453 3613 Gruterum
476 3567 539 3627 pag.
564 3543 671 3609 LXVI.
696 3562 724 3622 7.

447 3687 478 3734 r.
523 3682 779 3733 ortumve.
803 3680 834 3729 ι.
859 3680 888 3729 r.
938 3679 944 3719 ι

449 3774 662 3846 vourui.
720 3786 885 3842 suovu

450 3912 527 3959 uvs.
566 3899 622 3959 tro.

202 4024 287 4105 plera
307 4022 396 4085 index
417 4020 548 4099 Scaligeri
570 4018 657 4081 dabit.
680 4016 763 4081 Illud
795 4014 919 4092 denique
941 4009 1023 4071 restat
1042 4004 1196 4086 expedien-
1229 4030 1232 4042 «

202 4125 292 4199 dum,
315 4122 366 4200 qui
381 4120 466 4183 Vibio
486 4118 604 4181 Velinus
622 4136 706 4179 mons
719 4136 755 4177 ex
778 4114 840 4178 Vll.
860 4130 934 4175 unus
948 4110 1057 4172 Romae
1076 4106 1197 4180 dicutur,

741 4265 831 4338 Aa5
957 4328 958 4331 ,
