3225 5017
1208 173 1230 234 t
1486 149 1487 240 i

430 464 515 552 334
642 451 827 520 morra
886 449 1205 521 vnaroaum

430 631 464 685 ut
481 629 628 684 maneatur
648 619 783 698 prodiret.
809 615 854 679 Ita
873 615 902 678 se
919 615 1007 680 habet
1023 615 1189 683 &ineditis
1208 621 1280 683 &in
1296 611 1423 701 scapum

430 719 581 780 maala
598 718 736 780 Arcadiae
752 717 781 778 in
798 716 893 798 Tegea.
916 715 961 778 De
977 715 1109 780 Maenala
1126 718 1186 798 ipso
1204 719 1342 799 irrepsere
1356 721 1425 783 mul»

430 831 461 882 ta
482 821 513 880 in
537 839 605 883 eum
633 818 749 890 locum,
783 816 904 896 quode
931 817 1042 894 Lycaeo
1070 820 1219 897 itemquo
1246 819 1283 880 de
1310 818 1427 898 Cyllene
1488 825 1489 882 t

431 922 543 994 adtum3
565 932 684 996 uterque
699 918 777 978 enim
792 916 927 978 Arcadiae
939 915 1002 978 fuit.
1026 915 1061 978 In
1076 917 1238 981 universum
1250 918 1426 980 haecomnia

432 1019 510 1098 regio
530 1018 678 1080 montibus
694 1015 802 1079 conlita
821 1013 895 1089 fuit,
922 1015 991 1076 teste
1010 1015 1151 1078 Strabone
1169 1015 1200 1079 L.
1220 1016 1299 1078 vul.
1313 1037 1342 1095 p.
1360 1027 1425 1095 388.
1489 1083 1490 1094 χ

432 1118 482 1178 ubi
503 1112 656 1179 interillos
678 1114 805 1178 recenset
827 1116 854 1176 a
873 1107 1049 1176 Maenaium.
1094 1115 1305 1195 cognominem
1328 1115 1427 1178 urbem

432 1214 604 1278 tntaeiditre
629 1228 697 1278 ante
714 1214 763 1278 sua
780 1227 911 1292 tempora
929 1211 1032 1275 scribit.
1057 1205 1182 1294 Tegeam
1203 1229 1303 1277 contra
1323 1215 1428 1276 medio-

434 1316 518 1376 criter
537 1313 689 1378 substitere.
713 1315 807 1390 Hujus
821 1306 1046 1390 frequentifflme
1068 1315 1224 1374 meminere
1250 1312 1427 1391 Polybius&

296 1492 300 1501 Ι
435 1406 540 1478 Livius.
565 1414 607 1477 ab
625 1413 685 1492 ipso
707 1412 790 1474 Vibio
806 1409 938 1474 adsutum
955 1409 985 1470 id
1015 1410 1044 1469 in
1068 1407 1155 1494 Tegea
1178 1409 1273 1474 nullus
1294 1411 1429 1491 equidem
1490 1411 1491 1418 ’

436 1511 546 1578 dubito.
571 1512 654 1574 Ratio
673 1511 709 1573 ab
739 1507 863 1573 Hefl‘elio
895 1509 1007 1570 detetta
1037 1527 1098 1570 rem
1126 1503 1167 1572 sat
1195 1510 1300 1572 claram
1327 1512 1430 1573 reddit.

435 1611 499 1672 Nec
517 1611 557 1671 est
577 1632 666 1674 ovum
686 1631 770 1684 ovo,
791 1629 878 1688 quam
896 1608 945 1670 hic
966 1623 1044 1669 error
1068 1607 1205 1671 Vibianus
1237 1608 1367 1672 Vibianis
1388 1631 1432 1673 er.
1491 1631 1492 1642 ¹

435 1710 544 1772 roribus
568 1709 647 1784 aliia,
670 1708 794 1771 similius.
818 1706 861 1770 ab
880 1727 915 1768 eo
938 1720 1059 1786 peceato
1079 1706 1128 1768 [ibi
1155 1709 1231 1771 navit
1256 1709 1430 1782 Boceacius,

436 1808 485 1868 sed
504 1810 534 1870 in
547 1807 624 1870 aliud
638 1807 789 1870 ridiculum
804 1806 917 1886 prorsus
931 1827 997 1868 cum
1014 1807 1113 1868 Servio
1124 1807 1189 1870 ruit.
1220 1808 1263 1870 Ita
1279 1807 1349 1871 ille:
1371 1811 1432 1872 Me.

437 1909 517 1970 naias
537 1908 679 1969 Arcadiae
697 1929 772 1968 mons
787 1907 822 1988 est
837 1897 984 1980 excelsus;
1001 1906 1043 1984 ste
1066 1905 1150 1964 ditius
1168 1907 1341 1981 ramirus,
1366 1929 1430 1988 qua-

438 2029 495 2069 rum
505 2007 602 2091 plenas
617 2009 660 2089 esi.
705 2007 779 2067 Nam
797 2003 867 2064 mela
899 2007 999 2065 Graece
1021 2003 1118 2064 latine
1137 2004 1206 2066 onis.
1237 2005 1350 2067 Eodem
1371 2008 1431 2082 jure
1492 2027 1493 2036 ¹

439 2126 507 2168 eum
530 2109 644 2168 aunone
667 2103 828 2182 breviloqui
856 2101 992 2162 diabalrm
1026 2103 1168 2166 derivaret
1201 2103 1328 2182 exalia,
1357 2106 1432 2176 duo,

441 2219 475 2266 ut
494 2203 574 2282 vuit,
597 2207 625 2266 dt
649 2202 735 2265 bolus.
778 2194 816 2266 O.

837 2321 1025 2410 Mafficus

482 2523 660 2603 Cruquianur
675 2533 820 2586 enarrator
839 2517 949 2586 Horatii
964 2523 1001 2586 ad
1018 2521 1049 2586 L.
1068 2521 1091 2585 Ι.
1113 2520 1190 2586 oden
1203 2518 1227 2586 1.
1256 2539 1287 2592 r.
1313 2545 1360 2604 19.

566 2648 681 2729 Ess‘qrri
708 2667 756 2706 nec
778 2647 876 2706 veteris
893 2646 997 2729 pocula
1017 2645 1128 2724 Maffici

565 2748 627 2807 Nec
651 2763 756 2828 partem
773 2743 863 2819 solido
886 2748 984 2807 demere
1009 2747 1041 2806 de
1063 2746 1106 2804 dir

568 2844 674 2927 splmdi
713 2879 727 2898 ο
807 2873 822 2888 ·
853 2857 856 2868 “

442 2966 498 3035 ita:
520 2965 651 3047 Maffiear
674 2989 748 3027 mona
767 2967 801 3050 ist
822 2965 1002 3050 Campaniae,
1019 2969 1065 3029 abi
1079 2965 1180 3053 optima
1199 2971 1265 3032 aina
1279 2963 1432 3050 nascantur.

208 3129 214 3136 ,
444 3071 482 3137 tf.
502 3071 530 3132 d
550 3069 663 3131 Servius
682 3067 719 3128 ad
737 3065 845 3145 Virgilii
859 3067 964 3146 Georg.
980 3069 1011 3134 L.
1033 3067 1084 3132 ΙΙΙ.
1104 3069 1175 3132 vers.
1192 3080 1258 3143 526.
1285 3073 1375 3156 Aequi
1387 3098 1434 3137 non

314 3177 318 3184 '
444 3169 565 3248 Mafflaa
584 3165 686 3229 Bacchi
702 3163 848 3244 Munera)
874 3165 944 3228 Vina
955 3164 1075 3248 pretiosa
1097 3191 1116 3226 a
1131 3168 1244 3247 Maffico
1259 3193 1348 3232 manre
1360 3175 1434 3234 Cam·

438 3270 549 3348 paniae.
571 3259 698 3330 adden.
722 3266 753 3328 L.
772 3265 836 3328 Vll.
862 3266 930 3328 vers.
955 3287 1023 3345 725.
1051 3267 1123 3349 rapit
1142 3267 1282 3351 populor)
1326 3275 1435 3356 Raptim

443 3367 566 3426 adducia
588 3366 683 3424 Etiam
705 3365 866 3447 Campaniae
881 3365 942 3426 loca
969 3381 1159 3427 commemorat.
1199 3368 1275 3427 Nam
1302 3369 1437 3448 Mafficur

445 3483 519 3524 mons
537 3453 572 3545 ιβ
593 3463 695 3522 abibas
719 3464 826 3545 plenas.
852 3463 967 3542 Maffica
993 3482 1082 3523 autem
1112 3464 1202 3542 dixit,
1232 3483 1263 3526 ut
1289 3467 1436 3534 Maenala.

446 3568 475 3628 dt
491 3563 528 3625 ad
549 3562 651 3639 Georg.
669 3561 753 3622 L.11.
780 3562 849 3624 vers.
871 3583 937 3642 143.
960 3563 1090 3642 Mafflcus
1112 3563 1225 3642 Ιιιιπιον)
1250 3565 1351 3626 Vinum
1359 3567 1437 3636 Cant·⁴

438 3684 543 3750 panum
565 3683 584 3720 a
604 3657 722 3736 Maffico
741 3679 826 3720 monte
843 3661 1012 3744 Campaniae.

489 3761 626 3837 Falerno)
647 3777 752 3836 nempe
774 3781 849 3841 agro.
879 3777 1017 3826 ausser..
1118 3763 1221 3838 Judice
1247 3763 1328 3828 Cam.
1360 3766 1438 3828 Pere-

446 3867 528 3946 grino
550 3864 589 3924 de
610 3860 765 3938 Campania
780 3859 864 3922 felice
886 3861 916 3922 L.
930 3861 966 3922 ΙΙ.
988 3883 1012 3924 c.
1034 3881 1079 3939 34.
1105 3864 1259 3942 prudenter
1283 3865 1334 3927 hic
1363 3863 1440 3926 locu·

447 3979 492 4028 tus
507 3964 547 4026 est
564 3961 680 4036 Vibius,
699 3961 770 4024 dum
780 3969 910 4022 montem
921 3961 1071 4050 Mafficum
1088 3963 1119 4026 in
1131 3983 1198 4043 agro
1219 3961 1437 4026 locathalerno.

447 4047 549 4131 Minus
567 4069 643 4130 redte
660 4062 725 4140 alii,
754 4062 784 4122 in
801 4061 846 4125 his
862 4059 978 4138 Florus,
1001 4062 1066 4126 loco
1081 4082 1167 4142 quem
1187 4061 1271 4158 supra
1289 4061 1436 4126 retulimur
