3225 5017
441 467 529 543 'aro
670 454 854 532 rso‘rst
910 468 1227 539 tantorum

449 636 568 709 tesrum,
586 628 653 695 alias
677 628 813 695 Eurotam
833 628 991 695 salutatum.
1015 634 1099 711 Apud
1122 636 1243 700 Plinium
1265 656 1380 719 quoque
1404 634 1434 708 i.
1474 686 1483 714 ,

446 736 497 802 lv,
524 754 550 797 c.
566 745 594 804 8.
618 716 737 790 Eurotan
759 732 883 791 eredidit
904 730 1057 809 legendum
1079 733 1231 812 Barbarum
1256 739 1305 799 sed
1319 741 1439 804 Hardui·

445 856 486 899 no
508 833 576 895 teste
598 828 754 905 inscriptis
777 828 857 889 libris
878 829 918 889 est
938 830 1045 905 Orcorr,
1073 846 1105 893 ut
1120 835 1241 911 proinde
1260 851 1377 914 pateat,
1403 860 1438 902 en

446 955 505 1015 quo
527 933 608 993 fonte
623 929 653 987 ln
672 926 785 989 Vibium
812 925 841 987 id
860 947 968 988 nomen
981 931 1110 992 manarit.
1128 932 1219 995 Simul
1236 936 1324 997 credo
1344 956 1388 1018 ea
1395 938 1439 1000 Vi·

338 1016 344 1037 ’
445 1033 495 1095 bio
518 1027 642 1091 roborari
661 1026 741 1086 illam
760 1024 913 1087 leelionem
930 1024 1029 1103 Plinii,
1054 1048 1139 1106 quam
1155 1033 1274 1109 antiquo
1288 1037 1349 1109 jam
1369 1036 1441 1098 obti—

445 1126 534 1193 nuilie
550 1145 622 1187 aevo
641 1138 728 1202 patet.
761 1124 846 1185 Unde
866 1129 943 1186 reete
964 1126 1002 1189 lic
1023 1126 1142 1205 legirurr
1165 1130 1295 1193 Perseus.
1323 1176 1331 1194 .
1364 1137 1439 1195 acei-

439 1228 485 1312 pit
499 1243 599 1286 amnem
628 1222 734 1297 Oreos,
761 1243 809 1281 rree
828 1222 941 1304 recipit,
961 1219 1015 1299 sed
1035 1226 1088 1285 olei
1106 1230 1183 1287 modo
1202 1223 1439 1311 supemararrrem,

444 1345 476 1386 ut
495 1322 642 1403 dillumejl
665 1322 797 1395 Homero,
819 1321 892 1381 brevi
907 1316 999 1403 spretio
1016 1341 1156 1404 portatum
1180 1327 1315 1387 abdicat:
1339 1352 1442 1411 poeria·

444 1424 485 1485 ies
503 1442 591 1503 aquas
613 1414 726 1499 dirisque
751 1419 891 1501 genitas,
923 1422 1056 1503 argenteis
1083 1419 1145 1499 suis
1175 1421 1279 1499 misceri
1305 1426 1440 1505 recusans.

444 1520 593 1585 Diversum
607 1518 643 1580 ab
658 1517 762 1579 Eurota
778 1517 897 1579 fluvium
910 1518 1062 1595 perhibent
1081 1521 1244 1601 Geographi
1267 1530 1440 1591 recentiores

437 1617 611 1683 *Titaresum
636 1616 670 1679 ln
689 1614 919 1679 hisD'Anvillius
939 1616 1017 1679 hunc
1035 1616 1122 1697 longe
1133 1621 1254 1685 inferius
1271 1625 1303 1684 io
1313 1624 1439 1690 Peneum

444 1694 620 1783 incidentem
636 1706 718 1791 listit,
743 1734 829 1793 quam
848 1715 942 1781 istum.
977 1715 1082 1778 Forsan
1102 1721 1229 1781 nominis
1253 1724 1364 1801 antiqui
1378 1746 1440 1787 um·

444 1817 496 1880 bra
525 1815 666 1895 quaedam
686 1812 768 1875 restat
790 1814 823 1873 in
843 1814 1009 1889 hodierno,
1032 1816 1104 1877 mihi
1123 1819 1238 1898 ignoto.
1282 1822 1440 1885 Titaresios

435 1914 546 1979 urbem
564 1914 713 1977 Armeniae
745 1913 863 1975 minoris
889 1914 921 1974 in
947 1912 1089 1976 Melitene
1116 1920 1232 1996 reponit
1263 1918 1439 1987 Ptolemaeus

440 2013 475 2079 L.
496 2013 530 2077 V.
552 2033 578 2075 c.
600 2030 629 2106 ζ.
670 2012 709 2079 O.

580 2162 582 2167 ¹
826 2172 1044 2263 Vulturnus

430 2364 437 2377 ’
487 2376 640 2443 Casrlinum
664 2372 746 2453 supra
767 2373 878 2435 dixerat
894 2373 996 2438 noster.
1019 2396 1047 2439 v.
1063 2394 1092 2455 p.
1112 2386 1140 2449 8.
1163 2376 1200 2440 ef.
1223 2392 1250 2457 p.
1270 2394 1319 2458 97.
1348 2380 1438 2445 Maxi
1502 2383 1503 2404 ¹

444 2498 509 2541 mus
527 2475 697 2553 Campaniae
714 2473 818 2535 fluvius
837 2473 876 2535 est
896 2473 1052 2538 Vulturnus
1071 2476 1148 2550 live,
1169 2491 1201 2539 ut
1222 2479 1310 2541 Varro
1328 2482 1366 2542 de
1382 2483 1434 2545 ll.

444 2577 478 2641 L.
500 2575 546 2638 lV.
569 2574 670 2649 effert,
692 2572 867 2646 Volturnus,
889 2572 1033 2652 hodieque
1048 2574 1141 2653 prisco
1171 2578 1289 2637 nomine
1311 2580 1431 2659 inlrgnis

436 2674 594 2752 ,Cluverius
616 2670 678 2737 Ital.
694 2684 744 2733 ant
767 2672 798 2735 L.
820 2671 870 2733 IV.
897 2691 922 2733 c.
949 2691 976 2735 a.
1011 2672 1192 2753 expluribus
1213 2691 1344 2739 veterum
1369 2679 1436 2740 locis

443 2774 519 2835 inter
535 2771 563 2833 se
581 2769 709 2846 collatis,
732 2771 889 2848 genuinum
908 2772 985 2847 prius
1005 2792 1229 2851 germanumque
1251 2779 1329 2854 apud
1356 2799 1436 2841 aecu-

445 2871 486 2933 las
506 2872 596 2931 amnis
619 2888 726 2930 nomen
747 2868 828 2931 faille
842 2868 938 2930 censet
950 2867 1102 2945 ”niumm
1127 2890 1164 2931 ex
1187 2892 1245 2949 quo
1262 2876 1360 2951 pallea
1384 2878 1436 2939 Ro-

444 2970 523 3031 mani
543 2968 664 3029 fecerint
681 2966 860 3035 Volturnus,
889 2986 923 3029 ac
939 2968 1054 3029 tandem
1072 2968 1263 3035 Vulturnus«
1284 2974 1432 3051 Oppidum

445 3066 620 3131 Vulturnum
635 3068 730 3129 Livius
751 3067 784 3131 L.
801 3066 898 3128 XXV.
920 3086 946 3162 e:
970 3085 1019 3131 20.
1033 3068 1178 3131 castellum
1196 3084 1281 3132 vocat
1290 3072 1328 3133 ad
1344 3074 1435 3137 flunt«

444 3168 490 3229 nis
512 3168 613 3239 ollium
633 3166 768 3229 locatum.
791 3167 883 3243 Atque
902 3164 947 3227 vel
969 3184 1048 3228 nunc
1064 3166 1153 3247 Castd
1171 3169 1200 3226 di
1220 3168 1359 3229 Volturnov
1371 3172 1429 3230 um

448 3267 559 3346 castello
579 3290 597 3327 a
616 3287 674 3327 mar
690 3266 719 3325 di
741 3265 869 3327 lfrrlrumo
891 3263 1033 3327 salutatur.
1079 3266 1167 3339 Juxta
1190 3266 1324 3331 Puteolos
1356 3271 1434 3349 oppi-

386 3386 387 3391 ’
447 3364 517 3425 dum
532 3365 602 3427 dicit
618 3364 710 3425 noller
730 3364 904 3427 Vulturnum
923 3364 1083 3441 oppidum,
1105 3364 1169 3429 satis
1187 3364 1254 3429 late
1295 3367 1377 3433 Inter
1395 3370 1434 3431 Si-

443 3460 570 3523 nueliam
588 3464 615 3525 du
634 3464 737 3525 Cumas
759 3462 805 3525 vel
826 3463 958 3525 Puteolos
982 3481 1088 3525 novam
1112 3465 1188 3526 viam
1213 3464 1311 3527 stravit
1335 3466 1434 3528 Domi·-

444 3562 538 3623 tianus
556 3559 629 3638 Imp.
642 3567 735 3637 'quam
751 3562 855 3624 Statius
884 3563 916 3627 1.
931 3561 979 3623 lV.
1007 3562 1132 3623 carmine
1152 3581 1179 3641 3.
1204 3562 1375 3636 celebravit,
1398 3561 1433 3622 sr-
1500 3597 1501 3600 =

425 3661 563 3737 mulque
586 3674 707 3737 pontem
737 3679 803 3723 eum
832 3646 900 3722 arcu
928 3658 1092 3737 triumphali
1118 3665 1151 3721 iu
1174 3659 1318 3725 Vulturno
1346 3660 1434 3723 fluvia

440 3758 550 3823 struxit.
593 3759 670 3823 ilino
685 3756 827 3836 eleganter
843 3759 947 3819 Statius
968 3758 987 3818 l.
1009 3778 1034 3820 c.
1099 3843 1104 3851 ἠ

566 3883 630 3953 At,
644 3890 752 3962 flavum
772 3900 856 3963 eaput
880 3881 1065 3961 humidamque
1079 3881 1143 3942 -late

568 3981 669 4045 crinem
693 3978 818 4039 mollibus
841 3980 986 4061 impeditus
1007 3979 1114 4054 ulmis,

567 4080 722 4142 Vrrltamus
747 4078 823 4139 levat
850 4098 920 4149 ora;
946 4078 1113 4158 maximoque

564 4178 663 4253 ,Pristis
687 4172 807 4253 Caesrrrei
835 4175 943 4241 reclivis
976 4194 1043 4239 arcu
