3225 5017
350 516 361 532 ,
440 462 524 567 416
664 473 844 539 uonna
903 470 1211 535 vrnroaom

436 657 524 723 nostri
544 652 724 733 Phylliridae.
760 648 850 727 Quod
869 660 965 711 autem
987 648 1075 711 modo
1098 648 1229 739 laudatus
1258 649 1328 713 dicit
1359 651 1436 714 ΗοΙὁ

437 758 542 821 stetim
565 750 708 831 Philyram
729 748 833 807 Oceani
856 746 964 823 filiam,
993 748 1104 807 Saturni
1128 744 1283 830 conjugem,
1312 748 1437 809 Chironis

437 874 547 919 namen
566 872 584 915 a
606 847 752 913 scholiasta
771 844 917 925 lpollonii
939 845 1046 907 Rhodii
1063 846 1100 907 ad
1125 846 1156 907 L.
1177 845 1216 911 Il.
1239 845 1312 909 vers.
1341 866 1433 926 1235.

438 954 496 1017 elle
515 953 642 1015 menne
664 941 839 1025 aliquidem
861 944 900 1007 ibi
916 943 1077 1007 adsensum
1098 943 1271 1019 verborum,
1292 958 1327 1007 ut
1343 946 1432 1021 dicit3

435 1054 486 1117 sed
504 1048 563 1129 ipsa
584 1048 693 1111 Graeca
718 1044 823 1120 verba,
852 1062 924 1121 quae
954 1042 1096 1105 convertit
1123 1044 1154 1102 in
1181 1042 1335 1119 Latinum,
1370 1042 1435 1105 sunt

435 1154 514 1227 gnie
539 1147 577 1209 ad
598 1146 630 1208 1.
648 1144 686 1209 ll.
704 1140 774 1206 vers.
803 1161 871 1220 395.
902 1142 1084 1219 Quapropter
1105 1140 1137 1203 in
1160 1140 1336 1204 Holllenian.
1370 1155 1434 1209 not.

435 1250 465 1310 ἃ
483 1244 655 1324 calligadon.
680 1242 802 1321 polium.
836 1240 885 1302 hic
912 1238 982 1301 mibi
1010 1240 1123 1303 videtur
1149 1242 1296 1305 turbatum
1338 1242 1434 1305 nescio

436 1346 517 1424 quid.

476 1446 505 1505 in
521 1441 652 1517 Venetia)
674 1438 759 1502 Forte
773 1439 802 1497 in
825 1430 967 1514 Tleffirlia.
994 1431 1139 1500 Slmletus.
1163 1447 1308 1502 nassau.

474 1540 641 1621 Phillyrides
659 1538 707 1601 vel
725 1536 882 1617 Philyridrr
901 1537 1005 1599 dicitur
1027 1537 1136 1599 Chiron
1164 1538 1273 1601 Ovidio
1312 1537 1350 1599 de
1372 1548 1431 1601 arto

432 1659 488 1704 am·
512 1638 544 1701 ln
569 1636 593 1699 I.
621 1657 650 1701 v.
673 1656 722 1697 rr.
970 1704 978 1715 ,

556 1734 724 1816 Phillyrides
747 1752 861 1816 paenam
878 1732 983 1793 colata
1001 1729 1112 1815 priserit
1137 1732 1281 1794 Achillem.

431 1868 533 1915 verum
547 1868 607 1911 non
626 1868 643 1910 a
660 1849 727 1910 loco
747 1846 796 1909 sed
817 1860 960 1923 amatre,
984 1850 1093 1927 quippe
1120 1850 1231 1913 Saturni
1260 1868 1297 1911 ex
1318 1844 1430 1929 Philyra

431 1951 505 2013 lilius
525 1948 623 2010 fertur.
649 1946 766 2027 Ptdyra
791 1946 927 2025 Nympha
943 1945 1119 2009 Callimacho
1138 1949 1168 2008 in
1192 1946 1304 2026 hymno
1331 1950 1362 2008 in
1383 1950 1430 2023 Jo-

430 2068 499 2112 vem
518 2070 545 2111 v.
570 2054 617 2126 ³⁶·
641 2045 734 2107 forsan
760 2046 909 2108 &fluvius
927 2047 958 2106 in
978 2046 1095 2107 Arcadia
1115 2046 1179 2109 fuit.
1203 2046 1291 2119 Juxta
1305 2046 1430 2109 Pontum

431 2168 503 2229 quos
528 2131 614 2211 habet
632 2146 763 2226 Philyres
790 2144 970 2223 Stephanus,
991 2164 1008 2205 a
1025 2144 1135 2223 Philyra
1151 2146 1237 2222 priori
1254 2145 1430 2220 nominatos,

430 2251 481 2309 vix
501 2246 620 2321 dubito,
646 2246 716 2323 quin
742 2243 830 2305 nostri
857 2244 911 2305 sint
927 2242 1097 2323 Philyridot.
1133 2244 1209 2305 Audi
1243 2242 1356 2305 verba:
1388 2248 1431 2303 ol.
1509 2230 1510 2295 l

428 2364 496 2422 >rupit
517 2343 594 2410 ltro
618 2347 674 2419 oepit
696 2332 736 2420 td
749 2342 850 2420 nobiti,
877 2340 928 2400 εἰπὲ
945 2345 1054 2419 oandpar
1076 2342 1118 2406 τῆς
1144 2338 1228 2417 proripit
1252 2344 1349 2418 Kplron
1395 2346 1429 2402 Ti

428 2443 539 2504 θηλυκὰ
561 2432 692 2516 wecil,
711 2446 878 2518 ιβΦιλυρηΐς,
901 2427 1051 2515 mitridepoli
1078 2438 1125 2497 aad
1148 2468 1170 2503 n.
1193 2434 1307 2500 Admau
1329 2446 1355 2513 tp)
1376 2436 1429 2497 tini
1509 2494 1510 2499 ,

426 2537 474 2597 ui
500 2537 591 2615 ond„
609 2535 744 2615 otnoplm
772 2533 842 2605 rim.
866 2540 909 2601 En
935 2558 1003 2616 ergo
1021 2538 1149 2619 Pltr'lyrer
1170 2540 1243 2601 &in
1265 2538 1428 2600 foeminino

427 2639 601 2721 Philyrides,
623 2640 693 2699 item
715 2638 875 2719 Pittymes.
929 2640 1001 2715 Quis
1028 2656 1087 2697 non
1117 2637 1219 2712 videt,
1260 2637 1423 2718 Philyrt'das

426 2739 515 2798 nostri
530 2756 632 2815 parum
650 2736 764 2797 differre
779 2741 794 2802 ‘l
818 2740 853 2798 tlt
873 2737 993 2811 Vibius,
1013 2736 1144 2812 inquies,
1160 2735 1188 2793 in
1209 2735 1321 2794 Venetia
1330 2757 1344 2807 ;
1366 2737 1426 2797 Ste.

425 2833 539 2915 pharius
557 2854 640 2915 prope
653 2836 768 2893 Pontum
791 2836 881 2913 ponit.
908 2838 1019 2894 Venetos
1036 2848 1115 2895 muta
1133 2835 1163 2893 in
1181 2834 1360 2909 Heneros,&
1381 2852 1425 2897 res

426 2932 698 2995 corcodomum
723 2951 816 3010 prope
843 2933 967 2995 Pontum
993 2936 1020 2995 dr
1046 2935 1078 2994 in
1106 2932 1300 3011 Paphlagonia
1332 2954 1425 2995 mora-

425 3032 546 3106 bantur,
574 3031 643 3091 teste
665 3031 804 3092 Strabone
821 3032 852 3095 L.
872 3032 941 3097 Xll.
961 3054 988 3111 p.
1014 3052 1079 3109 543.
1110 3030 1294 3110 ipsorumque
1327 3034 1424 3111 postea

424 3129 539 3199 coloni,
552 3131 723 3191 Antenorem
741 3129 847 3206 secuti,
864 3134 894 3193 in
909 3133 1042 3194 intimum
1065 3136 1149 3193 maris
1173 3132 1308 3193 Adriatici
1332 3131 1424 3194 smum

423 3228 581 3305 pervenille
607 3233 635 3291 ἃ
661 3231 739 3308 genti
768 3231 944 3293 Venetorum
979 3230 1086 3291 dedilie
1112 3230 1251 3309 originem
1277 3229 1421 3297 feruntur.

422 3327 461 3387 cf.
481 3346 549 3388 cum
567 3328 706 3390 Strabone
724 3331 838 3394 Livium
863 3332 895 3393 L.
913 3332 935 3393 1.
961 3350 987 3395 c.
1014 3350 1039 3391 r.
1080 3328 1151 3392 Meo
1180 3346 1261 3391 nunc
1290 3328 1421 3405 periculo

421 3424 499 3500 apud
523 3423 635 3487 Vibium
660 3426 722 3505 lege
746 3429 805 3491 lict

630 3524 789 3604 Philyrr'dat
812 3519 892 3607 Astur
916 3530 944 3589 in
970 3528 1092 3589 Henetis.

419 3620 550 3686 Inscitiae
578 3620 757 3683 librariorum
782 3626 941 3703 debemus,
986 3629 1064 3706 quod
1090 3626 1211 3689 Henetis
1241 3626 1420 3705 Venetiam,

420 3719 499 3782 nfiae
533 3720 676 3797 Europam
700 3718 898 3788 substituerint.
946 3723 1101 3803 Tleffaliam
1133 3740 1165 3790 ut
1194 3728 1336 3791 inducere
1372 3750 1421 3807 pa·¹

420 3834 493 3880 raret
510 3818 660 3894 Simlerus‘,
682 3819 708 3879 ei
721 3822 762 3880 rei
785 3842 921 3901 quoque,
944 3842 1032 3905 poto,
1055 3826 1219 3903 Stephanus
1240 3827 1339 3889 ansam
1355 3828 1421 3890 sub·
1451 3818 1453 3821 ⁵

418 3916 595 3984 ministravit.
619 3918 664 3979 llll
695 3919 735 3980 est
751 3920 859 3980 optarit
880 3928 950 3985 nino
975 3930 996 3982 ir
1018 3922 1145 4002 ΘετΊαιλίςι
1166 3964 1180 3979 .
1198 3951 1211 3971 ⁴
1232 3950 1246 3971 ε·
1280 3924 1303 3981 ol
1328 3929 1419 3985 o’tmd'r-

417 4036 458 4072 τις
484 4018 592 4079 oomnis.
615 4019 671 4079 Sed
687 4018 801 4081 difficile
825 4035 920 4083 tamen
939 4024 1013 4085 foret
1031 4026 1189 4102 negotium.
1229 4024 1330 4087 Unum
1345 4026 1420 4088 illud

416 4108 500 4173 restat
510 4155 519 4189 ,
541 4128 573 4176 at
590 4117 626 4181 ad
646 4131 740 4184 meatu
754 4116 983 4203 qualencumque
997 4124 1193 4189 stabiliendam
1205 4128 1414 4202 conjecturam

1334 4224 1418 4286 locut
