3225 5017
383 476 467 577 av,
659 517 666 535 ·
762 442 811 557 Φ
867 476 895 531 0
948 436 997 561 Φ

383 640 481 717 sexto
502 637 621 711 forsan·
636 654 695 711 aut
710 636 857 731 septimo
874 638 1021 713 demum·
1035 635 1181 713 saeculo.
1218 639 1261 715 Id
1285 666 1375 737 quae

384 754 473 839 mihi
491 754 736 847 persuadeant,
762 756 888 845 accipe.

392 926 398 1020 f
432 950 554 1024 Statim
570 946 657 1025 illud
684 948 731 1027 est
753 969 849 1022 extra
868 972 1006 1025 omnem
1025 948 1253 1027 dubitationis
1268 954 1376 1026 aleam

382 1058 557 1157 positum,
584 1086 656 1137 nori
678 1088 719 1133 ex
742 1060 822 1157 ipfis
842 1064 959 1135 Poetis
987 1059 1162 1153 profeciffe
1180 1068 1287 1157 magis
1309 1066 1376 1161 Vi,

381 1160 502 1259 bium,
535 1200 639 1275 quam
674 1201 724 1269 ex¹
746 1200 867 1251 eorum
897 1172 1083 1250 scholiastis
1115 1200 1153 1253 ac
1175 1178 1375 1271 interpreti·
1436 1248 1439 1253 .

383 1288 450 1359 bus
463 1339 475 1372 ,
498 1291 684 1381 inquibus
706 1293 854 1369 mraxime
884 1290 1045 1361 Servium
1073 1294 1254 1383 permultis
1290 1295 1373 1366 locis

384 1406 632 1486 excitavimus3
659 1400 787 1497 respice
813 1399 1027 1494 potiffimum
1053 1403 1095 1473 ad
1118 1428 1192 1496 pag,
1225 1405 1376 1483 nostram

364 1536 464 1619 Ι309.
488 1519 551 1590 ubi
572 1522 732 1609 Catillus,
759 1520 880 1599 Coras,
898 1531 1044 1587 montes.
1103 1518 1158 1595 De
1177 1502 1373 1619 Lactantio,

383 1628 483 1723 eujus
506 1651 624 1705 extant
648 1651 852 1726 argumenta
877 1627 1200 1723 metamorphoseon
1230 1635 1373 1734 Ovidii,

378 1741 472 1815 i'dem
488 1744 648 1824 hariolati
665 1744 783 1829 sumus
798 1745 841 1826 ad
858 1745 1054 1823 Tritonidem
1066 1748 1231 1842 paludem.
1257 1742 1299 1821 cf.
1318 1748 1373 1818 in-
1393 1771 1403 1783 ²

379 1848 431 1952 faa
458 1883 532 1953 raa·
566 1868 648 1943 286·
739 1938 744 1949 .

390 2058 395 2070 '
433 2054 527 2127 Dein
547 2052 724 2150 complura
740 2054 823 2128 sunt
840 2057 982 2128 nomina
997 2057 1088 2151 apud
1107 2055 1274 2139 nostrum,
1285 2083 1374 2151 quae

378 2160 546 2243 Romanis
569 2167 796 2265 scriptoribus
818 2167 937 2261 priscis
954 2175 1093 2265 ignota,
1125 2168 1265 2262 sequior
1279 2188 1371 2242 aetas

329 2256 336 2281 ⁴
379 2278 443 2353 fibi
458 2287 622 2357 vindicat.¹
665 2288 858 2376 Specimina
874 2287 926 2354 rei
952 2285 1086 2355 dabunt
1107 2283 1249 2353 flumina
1268 2287 1374 2354 Cami-

380 2422 454 2487 cus,
472 2390 666 2496 castanaii,
681 2399 761 2497 Efia
773 2448 789 2481 ,1
800 2399 918 2468 Ilerda.
970 2398 1023 2471 Ex
1046 2396 1225 2467 montibus
1242 2399 1372 2471 Bcbius.

379 2510 432 2579 Ex
448 2510 610 2603 gentibus
622 2509 790 2581 Pannonii
804 2514 941 2606 Illyrici.
993 2512 1089 2582 Haec
1111 2512 1142 2581 &
1168 2508 1288 2582 similia
1305 2516 1373 2605 igi-

380 2638 464 2704 tur,
498 2626 682 2713 inquibus
702 2624 814 2697 statim
840 2650 929 2718 aqua
951 2619 1134 2705 haeserat,
1164 2650 1207 2696 ex
1234 2625 1374 2719 Stepha-

381 2760 427 2807 no
453 2738 535 2828 Bya.
569 2734 768 2811 Rauennate
799 2764 995 2832 anonymo,
1034 2724 1263 2809 Constantino
1293 2740 1376 2811 Por-

379 2848 527 2946 phyrog.
561 2852 704 2946 aliisque
737 2856 1007 2949 explanavimus.
1060 2854 1186 2943 Neque
1215 2852 1374 2925 dubitare

381 2960 431 3035 fas
452 2966 517 3049 ast,
541 2970 627 3059 quin
647 2994 689 3039 ex
709 2970 773 3055 iis,
795 2992 883 3061 quae
911 2962 1051 3058 prorsus
1074 2969 1193 3058 ignota
1217 2988 1374 3057 perman-

371 3072 454 3156 sere
475 3078 507 3151 ‘a
531 3082 655 3175 dubia,
692 3084 861 3153 nonnulla
893 3078 1040 3151 feliciter
1071 3082 1301 3152 extricaturus
1331 3078 1374 3155 fit

257 3258 259 3266 .
379 3194 456 3275 ilie,
490 3198 547 3265 eui
567 3192 616 3266 sat
630 3199 695 3266 otii
716 3192 942 3286 suppetierit,
968 3211 1010 3264 ut
1030 3191 1096 3263 hac
1125 3210 1240 3264 mente
1275 3218 1373 3265 cura·
1450 3188 1454 3195 ’

380 3308 451 3377 tius
466 3308 584 3377 ‘medii
601 3311 678 3379 aevi
693 3305 817 3399 scripta
832 3308 993 3378 evolvere
1009 3325 1123 3403 queat.
1150 3304 1369 3399 Exspectant,

379 3415 546 3517 utputo,
574 3419 662 3492 hano
681 3425 847 3491 medicam
869 3444 1010 3491 manum
1034 3421 1124 3513 apud
1142 3420 1296 3492 nostrum
1318 3424 1373 3493 in-

379 3550 433 3603 ter
461 3534 524 3603 alia
553 3536 662 3616 Cirta,
687 3538 836 3615 Ferreus,
876 3536 1024 3605 Endriu's
1052 3534 1152 3605 fluvii
1164 3563 1175 3614 3
1201 3539 1372 3628 Spandeus

284 3689 288 3695 ,
377 3645 478 3757 {onst
508 3651 820 3744 Coras,0eniphilc,
836 3650 1009 3745 Pylenes,
1029 3649 1206 3747 Srefiarus,
1226 3650 1373 3739 Tempus

380 3781 528 3843 montes,

430 3980 610 4051 Pertinent
626 3976 792 4050 haetenus
816 3978 905 4049 diota
924 3973 1023 4049 fimul
1042 3992 1152 4057 eo,ut
1169 3975 1372 4066 quaeVibio

335 4112 338 4119 “
385 4091 570 4163 tribuenda
586 4090 626 4163 fit
639 4098 837 4176 auotoritas,
853 4091 1017 4185 quodque
1035 4085 1139 4182 ipfius
1161 4093 1256 4181 operi
1272 4090 1374 4162 statui
