3225 5017
311 455 332 464 ·
436 427 491 527 '48
656 443 836 504 uonna
893 443 1208 534 vernonum

408 674 416 683 ,
439 623 525 669 carm.
536 600 591 665 lX.
606 622 633 665 v.
650 610 700 675 98·
718 598 878 663 Simonides
896 619 942 679 ep.
954 598 1054 669 Graec.
1073 602 1105 665 l..
1125 603 1174 667 IV.
1192 621 1313 685 capae.
1330 624 1376 687 ep.
1394 628 1424 673 2.

439 717 577 765 massar..
640 699 796 761 Veritatem
817 698 859 759 rei
875 696 986 762 secutus
1009 700 1049 761 est
1068 700 1212 765 Vibius&
1233 703 1374 768 hocloco
1397 710 1426 769 dc

437 802 571 879 incapite
583 798 619 861 de
632 796 767 861 fontibus.
817 796 925 859 Ferunt
938 798 1016 859 enlm
1028 796 1076 859 alii
1094 798 1263 863 Arethusam
1283 802 1428 881 Alpheum

436 900 594 979 fugientem
605 915 641 957 ex
659 893 739 957 Elide
755 895 792 956 ad
810 894 932 957 Siciliam
950 896 1053 972 liuere,
1068 898 1147 976 quod
1159 902 1279 962 mucium
1294 921 1332 963 ex
1348 902 1429 963 fabu-

437 997 473 1059 la.
496 982 581 1074 ripud
594 994 731 1057 Ovidium
743 992 864 1062 Metam.
885 994 919 1058 V.
939 994 1009 1057 veri
1027 1014 1097 1076 493.
1119 995 1244 1076 loquitur
1263 1000 1301 1063 de
1321 999 1351 1062 lc
1370 1000 1429 1079 ipsa

437 1093 583 1159 Arethusa.

521 1195 581 1255 Nec
595 1186 656 1268 sum
674 1210 724 1273 pro
746 1190 842 1273 patria
857 1186 991 1273 supplex:
1013 1188 1182 1275 leuelraspiea
1195 1195 1264 1259 veni.

520 1285 590 1367 Pisa
600 1291 664 1349 milri
674 1290 768 1371 patria
781 1292 831 1372 ιβ.·
852 1290 879 1350 6·
896 1290 932 1349 ab
948 1289 1028 1351 Elide
1039 1291 1161 1351 ducimus
1176 1310 1280 1353 artum:

521 1390 659 1453 Sicaniam
673 1389 813 1471 peregrim
837 1387 896 1448 cola
911 1390 964 1455 du.

438 1489 570 1571 Virgilius
594 1488 631 1549 ad
651 1486 772 1550 eandem
794 1484 855 1550 Ecl.
872 1486 913 1549 X.

521 1590 568 1649 sic
584 1587 651 1661 ribi,
673 1606 732 1645 cum
743 1586 844 1664 fluilus
859 1581 1039 1660 subterlabere
1053 1585 1187 1663 Sicanos,

522 1688 609 1748 Dom‘s
635 1707 729 1747 amara
744 1680 825 1760 fitam
847 1706 898 1743 nare
916 1678 1092 1759 mtemisceat
1106 1688 1214 1763 undam.

440 1787 524 1855 &ibi
538 1786 660 1849 Servius.
696 1783 779 1844 Varia
795 1783 862 1842 enim
881 1780 970 1863 opinio
993 1784 1045 1863 estc
1073 1804 1136 1842 ream
1160 1783 1212 1841 alie‘
1237 1783 1349 1860 dicuat,
1390 1790 1432 1847 erl

435 1880 614 1968 Aretlufiem'
629 1876 784 1963 Nympllam
805 1879 921 1947 Siciliae
940 1878 1074 1962 Alpheum
1104 1883 1136 1941 de
1160 1881 1242 1940 Elide
1268 1884 1355 1943 venire
1377 1906 1431 1965 per

438 1986 526 2047 maria
532 2028 544 2055 ,
561 1981 707 2055 secuudum
722 1999 787 2061 quas
801 1978 869 2039 alibi
884 1979 957 2037 dixu
965 2021 977 2047 ‚
1006 1978 1140 2060 Alpheum
1157 1972 1283 2057 famaejl
1302 1982 1354 2038 luc
1367 1981 1431 2041 Eli·

438 2086 485 2145 dis
496 2100 596 2142 amnem
612 2077 734 2140 occultas
752 2071 831 2153 exiffe
845 2077 907 2137 uias
922 2070 1014 2151 subter
1027 2096 1106 2138 mare.
1139 2077 1201 2136 Alii
1216 2079 1308 2137 dicunt
1317 2121 1330 2147 ,
1342 2074 1430 2159 ipsam

437 2176 618 2257 Aretleufiem,
632 2175 691 2256 jam
711 2178 738 2235 ire
749 2170 853 2255 samem
882 2191 1032 2243 metam.
1060 2174 1195 2256 Alpheum
1212 2171 1326 2257 fugere,
1350 2176 1379 2235 6·
1397 2178 1432 2237 de

438 2280 520 2353 Elide
540 2280 579 2337 ad
596 2275 718 2337 Siciliam
733 2272 843 2344 uenire3
868 2273 941 2353 quod
958 2293 1027 2331 nuuc
1056 2274 1091 2353 ιβ
1110 2268 1231 2347 securus.
1275 2290 1428 2338 claun.

438 2377 561 2458 Alpheus
582 2373 727 2450 Sophiano
748 2370 874 2451 Rapite,
907 2370 1047 2447 indigenis
1070 2372 1177 2452 Orphea
1196 2416 1205 2447 ,
1242 2374 1335 2433 nautis
1351 2373 1431 2435 ltalia

324 2500 326 2504 ’
439 2474 545 2536 Carion
571 2472 658 2534 hodie
682 2470 794 2533 dicitui.
818 2488 845 2529 v.
874 2467 994 2531 Brierius
1024 2468 1115 2533 T.11.
1138 2488 1168 2547 p.
1196 2488 1252 2547 ιιι
1293 2474 1320 2532 dc
1355 2490 1427 2546 47⁹·

436 2570 532 2635 'Alaba
554 2586 668 2649 quoque
700 2565 880 2636 salutatur&
907 2567 937 2626 in
956 2566 1059 2629 tabulis
1088 2568 1293 2634 recentioribus
1327 2570 1430 2655 legitur

432 2656 561 2733 'aarum
576 2688 603 2729 v.
617 2665 752 2730 Ortelius.
788 2666 913 2743 Antiquo
937 2685 1010 2727 aevo
1025 2666 1125 2727 itidem
1145 2666 1226 2744 plura
1247 2669 1365 2728 nomina
1383 2667 1432 2729 ha.

436 2770 517 2843 buit,
542 2768 563 2829 fi
587 2764 736 2827 Plutarcho
760 2762 842 2829 fides.
885 2763 913 2825 lc
935 2766 1030 2840 enim,
1049 2765 1069 2825 fi
1086 2766 1202 2843 quidem
1215 2770 1312 2828 audior
1335 2767 1376 2827 cst
1398 2768 1432 2829 li·

436 2868 507 2931 belli
522 2868 559 2927 de
573 2863 753 2937 fluminibus,
776 2862 846 2923 olim
854 2863 1035 2943 Stymphelum
1053 2864 1179 2944 itemque
1198 2864 1352 2947 Nyfle'mum
1364 2864 1431 2927 fuis-

438 2966 467 3028 se
505 2964 679 3045 appellatum
708 2961 823 3025 testatur
861 2960 1014 3039 Alpheum.
1058 2962 1095 3025 O.

832 3111 1023 3196 Ascanius

479 3292 604 3357 eeleleis
632 3290 680 3353 hic
702 3290 793 3353 amnia
810 3302 927 3369 propter
946 3302 1059 3369 raptum
1081 3291 1118 3354 ad
1142 3290 1263 3370 ipsuma
1284 3292 1430 3373 Nymphis
1527 3379 1528 3384 ἵ

436 3394 567 3473 Hylam:
601 3391 638 3451 de
656 3410 713 3467 quo
731 3402 813 3468 raptu
843 3389 933 3451 multa
962 3404 1071 3453 canunt
1093 3396 1203 3469 poetae.
1270 3392 1344 3453 Vide
1363 3394 1431 3455 Pro·

437 3494 562 3576 petrium
584 3488 647 3551 libr.
671 3487 695 3551 Ι.
717 3487 795 3567 Eleg.
828 3488 901 3553 XX
929 3493 957 3551 de
983 3490 1020 3551 ad
1043 3509 1107 3551 eam
1131 3488 1231 3568 palium
1253 3489 1432 3553 Paileratium

434 3600 467 3660 de
487 3588 645 3656 Broulrhus.
668 3585 759 3651 Valet.
783 3586 919 3649 Flaccum
949 3587 1012 3652 libr.
1030 3587 1083 3652 lll.
1105 3588 1174 3650 vers.
1205 3609 1272 3663 555.
1306 3592 1334 3649 u
1369 3588 1428 3666 seq.

433 3706 524 3773 atque
551 3686 613 3749 libr.
636 3685 685 3751 IV.
705 3685 735 3747 in
755 3685 905 3763 principio.
940 3686 1116 3749 iilunkerum
1134 3687 1170 3749 ad
1186 3686 1294 3765 Hygini
1308 3686 1368 3752 fab.
1380 3707 1427 3761 ιι.

436 3789 513 3856 Illud
523 3805 592 3850 vcro
605 3782 697 3847 ¹verbo
719 3783 823 3845 addere
832 3782 934 3863 placet,
946 3787 1025 3863 quod
1034 3786 1111 3865 apud
1128 3786 1257 3849 Servium
1272 3778 1384 3865 legitur'
1392 3786 1430 3847 ad

438 3885 555 3951 Aeneid.
571 3882 594 3945 l.
614 3879 685 3947 vers.
704 3898 772 3957 ιιι.
794 3882 977 3965 Scimdumess
992 3902 1104 3957 amem,
1119 3884 1188 3945 lunc
1202 3871 1315 3947 lleneae
1336 3884 1428 3947 filium
1524 3893 1525 3922 l

434 3986 520 4065 prima
537 3975 684 4056 Ascanium
703 3979 798 4037 diuum
817 4002 837 4037 a
857 3980 995 4063 Phrygiae
1022 3982 1133 4059 flumme
1156 3976 1295 4057 Ascanio:
1336 3999 1369 4041 uc
1395 3982 1428 4063 ιβ

439 4123 461 4157 ιι
479 4072 751 4161 Tifflslu‘ssnm‘m
767 4072 944 4155 Ascanium„
966 4078 1140 4145 demdellum
1155 4081 1251 4141 elidum
1265 4101 1285 4139 u
1299 4100 1360 4162 rege
1372 4079 1428 4148 ileu
1523 4077 1524 4106 ¹

1284 4193 1428 4277 austu
1522 4195 1523 4284 ξ
