3225 5017
458 488 540 565 240
665 468 850 538 Nom
907 468 1226 537 VARIORUM

453 642 533 725 Ergo
553 662 586 701 ea
608 658 680 721 aqna
702 658 754 697 non
774 635 909 722 impudico
929 635 1012 696 morbi
1028 634 1114 706 vitio,
1123 630 1175 711 sed
1194 636 1369 697 humanitatis
1389 638 1439 698 dul.

458 741 574 809 erdirte,
599 734 711 796 mollitis
735 735 834 795 animis
862 736 1032 795 barbarorum
1043 766 1054 804 a
1083 757 1140 795 eam
1157 731 1264 815 samam
1286 738 1322 819 est
1342 740 1439 819 adepta.¹

457 837 536 899 Toto
559 833 641 897 coelo
659 833 731 895 haec
751 833 874 895 Vitruvii
896 832 1034 911 eaposrtio
1063 834 1220 913 avulgata
1248 836 1326 913 apud
1354 836 1440 898 Poeta
1487 807 1488 898 l

457 937 594 1013 opinione
620 930 733 1006 differt,
758 932 805 995 cui
828 935 856 994 ἃ
882 932 983 994 Strabo
1005 932 1140 995 adhaeret
1159 932 1178 993 l.
1200 952 1226 994 c.
1247 932 1340 996 cauila
1352 934 1386 995 ab
1404 936 1440 994 in·-
1487 903 1488 968 l

457 1032 523 1095 dole
538 1032 625 1093 fontis
640 1031 676 1095 ad
692 1028 820 1092 indolem
840 1030 991 1094 hominum
1013 1034 1126 1107 rejecta.
1170 1033 1303 1095 Salmacis
1320 1034 1386 1095 fons
1400 1030 1442 1090 oiri
1463 1044 1467 1050 ’

455 1132 501 1188 ui
514 1128 665 1207 μιλιιιίζιιν
680 1132 771 1192 ditius
791 1144 928 1208 putatur,
965 1130 1013 1193 sed
1031 1132 1062 1193 id
1086 1146 1205 1211 etymon
1230 1144 1352 1210 utroque
1381 1132 1442 1192 trahi

456 1230 556 1309 potest.
602 1227 714 1291 Praeter
729 1229 842 1291 fontem
861 1233 886 1290 ἀ
905 1230 971 1291 urbs
983 1232 1015 1291 in
1027 1230 1107 1296 Caria
1126 1232 1200 1305 fuit,
1216 1232 1352 1293 Salmacis
1369 1232 1441 1305 ditur

459 1330 605 1407 Stephano
617 1342 782 1402 memorata,
792 1327 984 1389 Halicarnalio
995 1331 1167 1408 propinqua,
1176 1346 1248 1408 quae
1258 1350 1354 1391 arcem
1368 1330 1445 1391 habe·

458 1428 515 1489 bet.
535 1429 605 1490 lnde
619 1426 697 1497 alara»
711 1439 796 1488 vocat
814 1428 945 1490 Arrianus
961 1428 999 1489 de
1017 1428 1310 1506 expeu.l1ex.nt.t.
1325 1429 1348 1492 Ι.
1360 1449 1389 1507 p.
1402 1436 1443 1491 66³

459 1529 572 1590 Citat&
586 1526 711 1589 Ortelius
726 1545 763 1590 ex
778 1525 863 1587 Floro
878 1526 908 1590 L.
922 1526 971 1587 lv.
986 1546 1049 1603 cap.
1069 1548 1114 1587 to.
1131 1526 1298 1586 Salmacidis
1312 1528 1444 1605 flamm,-
1488 1587 1489 1604 χ

459 1646 559 1687 verum
583 1624 731 1687 Salmasius
751 1626 781 1686 in
798 1628 914 1687 exmcit.
938 1624 1008 1687 Plio.
1034 1627 1064 1685 in
1084 1624 1213 1687 Solinum
1234 1646 1262 1702 p.
1286 1636 1334 1695 81.
1355 1626 1446 1685 -olien
1488 1613 1489 1634 l

458 1726 520 1798 dit,
550 1739 715 1800 corruptum
730 1722 828 1785 locum
850 1722 927 1798 elle,
961 1724 1172 1803 legendumque
1202 1726 1321 1800 conjicit
1350 1719 1445 1799 salua·

459 1824 550 1895 eidis;
571 1822 678 1899 fluuius
721 1868 728 1883 .
773 1868 780 1883 .
825 1868 833 1885 .
881 1823 919 1885 O·
1239 1849 1242 1854 ⁴

499 1922 567 1980 idem
585 1922 612 1980 ti·
630 1914 755 1995 obscenus
770 1920 843 1998 fit.)
868 1922 914 1983 Sic
931 1921 998 1996 Joh.
1015 1915 1156 1984 Brodaeos
1181 1914 1217 1983 ad
1237 1920 1327 1999 epigr.
1357 1920 1440 1983 lauda·

459 2033 530 2083 tum.
551 2020 628 2083 Hier.
645 2020 785 2081 Columna
802 2021 838 2082 ad
865 2021 950 2083 Ennii
964 2020 1066 2086 locum
1082 2022 1170 2082 modo
1191 2020 1368 2099 deignatonr
1383 2020 1441 2077 ider

458 2116 600 2195 obscoenus
622 2119 662 2181 fit.
687 2120 720 2181 C.
739 2119 869 2182 Batthius
887 2121 923 2181 ad
949 2117 1098 2184 Claudiam.
1127 2121 1157 2179 in
1184 2119 1300 2195 Eutrop.
1327 2118 1358 2180 L.
1377 2117 1397 2178 l·.
1417 2132 1441 2179 Vt
1489 2159 1490 2200 3

460 2240 530 2295 252.
548 2220 593 2281 ed.
613 2220 722 2287 Hanov.
745 2220 776 2278 id
791 2220 843 2301 est,
867 2213 1010 2294 obscoenus
1018 2218 1077 2295 fit:
1098 2221 1138 2279 ita
1151 2236 1267 2295 quoque
1283 2216 1383 2279 Franc.
1407 2214 1442 2273 Pi·
1489 2209 1490 2288 l

458 2317 562 2381 thoeus
578 2319 615 2379 ad
640 2318 751 2379 Petron.
775 2338 837 2395 rap.
858 2336 906 2395 η.
927 2318 1046 2395 Optime
1066 2336 1134 2380 vero
1151 2317 1216 2386 ius.
1243 2316 1346 2379 Revii:
1361 2316 1389 2375 id
1401 2311 1441 2394 ella
1489 2311 1490 2324 ²

457 2412 581 2490 obscenus
596 2414 641 2492 fir.
687 2431 826 2479 nassas.

856 2568 1049 2667 Timavus

500 2798 530 2843 v.
553 2771 691 2840 Martialis
712 2770 743 2841 L.
763 2769 812 2843 IV.
836 2786 881 2854 e'p.
909 2798 957 2853 25·
974 2795 1000 2841 r.
1023 2789 1049 2854 ς’.
1490 2783 1491 2862 l

585 2878 624 2964 fit
643 2896 673 2935 tu
692 2864 796 2939 lenaeo
822 2864 899 2958 salix
923 2875 1051 2958 Aquileja
1075 2863 1185 2937 limasti
1194 2903 1207 2947 s'
1490 2893 1491 2896 ’

624 2976 749 3040 Hicubi
763 2970 889 3058 septenas
912 2962 1038 3055 Cyllants
1060 2978 1146 3054 laufit
1163 2998 1252 3057 aquas
1293 3023 1300 3038 .
1347 3015 1354 3039 .-

965 3090 970 3104 '
1318 3088 1460 3139 nussum

460 3160 495 3251 lu
516 3160 611 3233 tabula
624 3164 832 3234 'Theodosiana
846 3189 937 3252 prope
953 3163 1115 3252 liquilejam
1131 3175 1230 3253 ingens
1249 3174 1329 3237 lasus
1345 3192 1446 3254 reprae-

459 3268 601 3343 sentatur,
621 3262 651 3332 i'n
673 3292 758 3349 quem
776 3274 869 3335 influit
884 3262 992 3351 fluuius
1000 3269 1134 3355 frigidus.
1177 3274 1268 3351 Supra
1282 3271 1376 3335 laeum
1404 3291 1446 3349 ap

460 3368 568 3443 pistum
589 3371 628 3429 est
648 3388 784 3449 magnum
801 3361 963 3434 aedilicium
988 3373 1178 3449 quadratum,
1203 3370 1286 3449 quale
1311 3372 1448 3447 designare

460 3464 583 3555 thermas
601 3460 685 3541 solet,
708 3460 820 3547 adjetto
849 3472 951 3534 titulo:
976 3466 1054 3548 frume
1082 3468 1185 3531 timavi.
1247 3468 1354 3547 Effugit
1374 3468 1446 3537 hoc,

460 3564 537 3643 quod
563 3562 626 3622 sane
643 3566 768 3642 mirum,
796 3568 881 3628 Paulli
906 3570 991 3629 Pincii
1017 3562 1177 3639 solertiam,
1202 3569 1251 3645 qui
1278 3549 1310 3629 ln
1333 3560 1449 3629 dillerta·

459 3660 543 3753 tione'
558 3664 593 3723 rle
610 3652 730 3724 Timavo
749 3656 859 3739 fluvio,
880 3667 981 3728 excola
1000 3668 1122 3727 Venetiis
1146 3677 1174 3735 8·
1200 3674 1288 3739 15⁶⁶.
1319 3661 1447 3729 &recusa

459 3760 489 3849 in
506 3760 573 3821 thes.
594 3763 679 3839 antiq.
705 3762 793 3825 ltalia.
823 3765 857 3825 T.
876 3765 925 3846 lli.
948 3766 976 3827 P.
995 3766 1041 3826 lV.
1061 3762 1234 3843 potiffimum
1255 3778 1357 3825 contra
1371 3762 1448 3824 lilon-

460 3856 531 3921 dum
547 3856 654 3921 laborat
675 3860 846 3936 ostendere,
864 3883 922 3925 non
938 3866 1018 3939 juxta
1035 3865 1179 3926 Patavium
1198 3864 1397 3940 praeterfluere
1405 3858 1447 3920 Ti·

460 3942 593 4033 mavum,
620 3961 804 4039 Brentarnque
826 3959 914 4023 hodie
933 3961 1007 4037 dici,
1027 3961 1075 4023 led
1101 3980 1192 4040 prope
1218 3960 1378 4039 Aquilejem
1403 3957 1445 4015 de·

462 4072 593 4132 currere,
626 4056 669 4119 vel
707 4060 859 4139 Tergesten
883 4063 956 4123 inter
984 4077 1069 4139 atque
1098 4062 1298 4124 Concordiam.
1345 4060 1446 4119 Poterat

1330 4154 1443 4231 adjitrre
