3225 5017
225 1084 367 1168 immensrze
387 1093 524 1175 alrirud.)
546 1116 577 1167 v.
594 1099 725 1165 Lucanus
747 1102 780 1169 L.
797 1100 836 1167 Il.
866 1124 892 1169 v.
910 1114 982 1188 667·
1012 1114 1126 1187 Servius
1150 1127 1188 1195 ad

106 1173 109 1181 Ι
184 1188 294 1270 Virgilii
309 1198 380 1259 rien.
399 1196 431 1280 L.
450 1196 499 1259 VI.
527 1218 553 1259 v.
571 1210 641 1277 238.
664 1200 730 1273 lacu
745 1202 851 1284 oigrv)
874 1224 926 1265 aut
946 1208 1026 1286 ⁰110,
1057 1239 1107 1281 aut
1128 1249 1189 1289 vere

182 1289 277 1371 nigro,
301 1288 442 1369 inferorum
464 1295 614 1364 visitatore.
641 1314 782 1363 flesset.
867 1304 938 1367 Eam
958 1313 1187 1393 profunditatem

181 1388 300 1451 testatur
318 1394 346 1453 de
365 1393 525 1457 Aristoteles
544 1396 575 1457 in
590 1396 779 1475 admirandis,
801 1395 903 1473 a'nn-
921 1405 1020 1471 moena
1033 1413 1184 1492 oneras„
1271 1432 1276 1439 ·

180 1510 229 1547 τοι.
255 1490 389 1554 Straboni
411 1492 442 1555 L.
462 1493 496 1555 V.
517 1514 548 1572 p.
564 1515 634 1572 244.
647 1495 757 1572 'nupto‘
771 1497 862 1560 ninam
880 1497 1043 1575 dammim·
1074 1513 1185 1581 Diodo-

181 1605 229 1647 rus
258 1588 371 1651 Siculus
387 1583 413 1645 ri
427 1587 518 1660 adam
538 1592 625 1669 daero
644 1597 806 1674 praedicat,
829 1600 1003 1680 adjicisque,
1036 1610 1184 1689 ingentem

180 1664 261 1747 istam
276 1688 417 1766 voraginis
433 1688 613 1753 altitudinem
633 1714 739 1773 aquae,
756 1696 825 1759 alias
847 1698 1067 1785 limpidissimae,
1083 1735 1183 1783 coetu.

179 1781 259 1847 lemn
292 1787 444 1849 conciliare
476 1788 614 1858 colorem.
696 1794 800 1857 Forma
837 1798 943 1862 Averni
975 1814 1098 1874 rotunda
1133 1820 1182 1883 est.

178 1882 323 1960 numani
336 1902 398 1949 earn
421 1904 506 1951 vocat
526 1890 707 1968 Aristoteles,
729 1895 896 1960 &collibus
917 1902 998 1965 addit
1011 1906 1186 1985 circumdari

177 1980 265 2045 trium
287 1982 441 2049 stadiorum
463 1986 631 2066 altitudine,
662 1989 848 2068 dpaeropwvrr
869 1999 952 2072 βιέχᾳ
982 2003 1178 2095 Lycophron3

179 2079 209 2139 in
233 2080 332 2144 tabula
354 2082 553 2149 Theodosiana
573 2088 656 2167 supra
677 2090 782 2153 Cumas
802 2092 1005 2163 semicirculari
1016 2105 1077 2169 fere
1091 2113 1182 2193 figura

106 2207 107 2210 ¹
178 2156 288 2245 sistitur.
334 2182 430 2243 Hodie
445 2183 469 2242 il
484 2184 548 2269 lago
561 2185 699 2249 d'Auerno
715 2191 844 2269 itemque
860 2193 885 2253 r'l
899 2195 963 2285 lngo
982 2202 1179 2293 diTrepergola

181 2274 328 2339 salutatur.
375 2281 515 2345 Graecum
531 2288 592 2361 ejus
608 2306 717 2349 nomen
733 2286 837 2376 “amm
856 2292 924 2355 inde
939 2298 1087 2368 deducunt
1105 2326 1184 2375 veto·

106 2353 111 2360 h
179 2392 222 2435 res
248 2378 399 2453 certatim,
424 2383 490 2459 quia
505 2380 578 2445 ddor
594 2388 656 2461 ejus
675 2388 775 2451 avibus
794 2390 828 2452 fit
844 2393 1051 2481 infestiffimus3
1067 2407 1107 2469 ita
1119 2412 1182 2481 No,

107 2548 108 2551 Ἴ
181 2474 241 2535 nius
262 2476 417 2541 Marcellus
438 2500 497 2559 cap.
527 2504 551 2545 r.
570 2485 606 2557 cf.
629 2488 656 2547 &
677 2488 791 2551 Servius
811 2490 848 2570 ad
863 2490 969 2572 Virgilii
992 2498 1012 2561 l.
1029 2521 1056 2563 c.
1080 2506 1181 2574 Poeta

177 2591 241 2635 rum
259 2574 325 2637 loca
340 2577 421 2639 dabit
439 2580 588 2645 Cluverius
608 2584 670 2647 Ital.
683 2600 740 2648 ant.
757 2588 790 2651 L.
807 2590 856 2652 Ν.
875 2612 900 2655 c.
917 2613 944 2657 2.
963 2595 1117 2669 Rationem
1136 2632 1181 2673 re.

107 2716 108 2719 η
177 2686 281 2771 peqnt
298 2692 335 2735 ex
361 2696 450 2754 aquae
477 2678 617 2743 sulfirreae
641 2686 733 2747 odore
764 2689 949 2771 gravillimo,
972 2718 1059 2775 quem
1081 2718 1178 2773 tamen

177 2788 237 2831 non
254 2784 314 2833 tam
333 2772 411 2837 lacus
430 2776 489 2855 ipse
500 2798 585 2857 quam
606 2797 720 2847 antrum
739 2786 787 2851 seu
805 2787 942 2867 spelunca
955 2799 1078 2878 Averni,
1092 2826 1178 2884 quam

107 2880 108 2907 ³
179 2870 301 2933 eandem
323 2892 390 2935 cum
410 2890 491 2939 antro
505 2879 628 2958 Sibyllae
643 2881 696 2960 (la
708 2902 802 2963 grona
821 2888 895 2949 della
904 2894 1004 2957 Sibilla
1012 2899 1172 2989 hodieque)

176 2982 287 3045 putant.
332 2974 489 3039 Audiamus
513 2979 662 3059 Virgilium
682 2980 712 3044 L.
731 2984 780 3047 Vl.
807 3006 837 3053 v.
856 3004 916 3068 237
930 2992 989 3074 seq.

301 3096 439 3177 Spelunca
463 3100 523 3160 alra
534 3098 611 3182 ficit,
634 3084 758 3188 vastoque
775 3110 899 3172 immanis
914 3117 994 3178 hiatu
1002 3163 1015 3192 ,

301 3197 422 3280 Scrupea
438 3244 447 3276 ,
471 3218 533 3260 rura
549 3202 614 3262 lacu
630 3206 725 3287 nigro,
741 3228 923 3292 nemorumque
945 3220 1077 3299 tenebris,

303 3296 395 3377 Quam
406 3292 489 3381 super
508 3300 585 3361 haud
601 3302 675 3363 ullae
688 3322 815 3387 poterant
834 3310 939 3392 impune
955 3316 1089 3383 volenteis

304 3394 421 3455 Tendere
437 3398 489 3459 iter
503 3402 622 3481 pennis:
643 3404 746 3464 talibus
758 3401 816 3483 sese
832 3410 937 3473 heluus
958 3420 1028 3479 atris

187 3496 189 3501 ’
299 3494 440 3554 Faucibus
463 3494 598 3577 effirndens
617 3496 716 3585 fiepera
735 3506 775 3564 ad
793 3528 915 3571 convexo
925 3513 1050 3601 ferebar,

301 3592 380 3651 Unde
399 3592 486 3655 locum
510 3596 591 3679 Grnjr'
615 3602 740 3663 dixerunt
766 3608 869 3669 nomine
887 3616 1005 3683 Aornon.

178 3710 242 3775 Istas
261 3734 414 3781 nemorum
429 3721 561 3785 tenebras
579 3726 661 3787 variis
677 3726 772 3792 ansam
796 3733 903 3798 dedille
920 3740 1046 3821 fabulis,
1079 3752 1177 3821 audior

178 3811 218 3871 est
238 3814 359 3891 Strabo,
384 3838 461 3897 quae
479 3835 576 3883 tamen
600 3830 785 3907 evanuerint,
813 3835 962 3915 postquam
982 3845 1106 3925 Agrippa
1135 3850 1180 3911 sri-

178 3892 263 3981 vam,
293 3934 366 3990 quae
385 3918 531 3981 Avernum
553 3923 702 4001 cinxerat,
729 3931 885 4000 excidiffet.
930 3939 1032 4003 Veram
1057 3944 1175 4012 sulfurei

177 4002 324 4091 tetricique
344 4016 441 4078 odoris
461 4021 677 4103 &graveolenn'
697 4030 820 4093 caulium
844 4039 964 4113 exponit
983 4041 1032 4125 Vir
1058 4044 1176 4113 liluliris

182 4102 218 4189 L.
255 4110 289 4177 B.
330 4113 367 4175 de
400 4114 529 4180 Dietrieh
568 4122 599 4183 in
642 4128 933 4202 animadversionibus
971 4141 1009 4201 ad
1050 4147 1180 4223 epistolas

180 4197 292 4271 Ferberi
318 4213 404 4275 dere
427 4210 630 4301 minerologioa
649 4224 769 4299 ltaliae,
794 4231 902 4293 Gallico
933 4238 1025 4303 versas
1054 4247 1082 4307 de
1114 4247 1180 4310 heic
1247 4334 1249 4337 y

726 4322 795 4403 Qa
