3225 5017
458 469 851 540 an'nummn
944 475 950 488 '
1083 493 1156 580 ¹²5

575 631 761 750 Hypanis

225 829 397 910 Philargyriur
422 829 459 892 ad
478 828 587 910 Virgilii
621 831 726 914 Georg.
750 831 846 901 LIV.
879 853 908 897 v.
937 853 1004 916 370
1028 839 1159 924 Hypanis
1207 856 1210 866 ·
1260 871 1264 878 ·

189 931 405 1012 Scythiaearun's.
428 944 567 994 nusum.
652 931 782 1012 Hypani·
795 933 864 995 ostia
878 935 954 1012 apud
966 935 1158 1006 Ptolemaeum

187 1027 274 1092 L..lll
291 1049 316 1090 o
343 1050 369 1101 ς.
387 1030 476 1108 gradu
493 1028 592 1108 longit.
625 1040 674 1104 58
700 1044 801 1093 contra
812 1031 1006 1110 borysthenis
1023 1055 1080 1114 57,
1107 1057 1156 1118 30.

186 1123 314 1202 iurantur,
338 1128 417 1206 quod
435 1128 550 1205 oppido.
567 1127 676 1192 falsum.
745 1129 825 1192 Inter
839 1130 945 1209 ‘syram
968 1135 1074 1214 quippe
1098 1135 1157 1200 sne

185 1221 324 1284 Danastrim
349 1228 378 1288 dr
395 1225 597 1304 borysthenem
617 1227 673 1288 five
697 1227 853 1307 Danaprim
880 1229 995 1292 interest
1009 1233 1157 1314 Hypanis,

184 1322 223 1398 qui
240 1323 267 1382 in
284 1322 490 1385 oocidentaiem
508 1343 587 1386 oram
611 1320 794 1404 Borysthenis
819 1328 896 1391 hund
918 1331 1070 1408 proculab
1094 1337 1157 1410 ejue

183 1419 240 1479 ostio
258 1410 354 1483 influit.
420 1421 600 1486 Hodiernum
627 1435 735 1486 numen
767 1427 829 1509 Bog
851 1428 929 1505 apud
960 1427 1157 1497 Rauennatem

180 1521 344 1597 Anonymum
373 1521 404 1582 in
425 1538 499 1583 voce
521 1521 617 1605 Bagou
635 1524 850 1601 deprehendere
865 1526 936 1587 mihi
956 1527 1071 1603 videor,
1105 1531 1156 1594 ubi

179 1615 264 1680 LlV.
285 1639 308 1680 o.
329 1642 358 1688 ς.
381 1619 435 1682 src:
467 1621 512 1680 Er*
524 1611 637 1702 desuper
655 1616 741 1704 ipsum
756 1622 876 1699 fluuium
904 1625 1033 1707 Danapri
1046 1627 1156 1708 perun·

177 1734 229 1793 gum
250 1715 418 1776 imernalium
436 1717 494 1800 est.
515 1763 523 1782 .
542 1719 808 1795 fluvim‘maxr'mus
833 1721 949 1784 Tanais.
1002 1725 1071 1784 leem
1096 1728 1155 1804 μ
1195 1747 1197 1756 ·

178 1810 228 1867 vius
244 1812 358 1892 Tyrum,
380 1814 444 1873 irem
471 1817 564 1897 Bagou
580 1812 678 1891 solam
714 1817 809 1880 ‘Alius
836 1819 875 1880 est
900 1819 1030 1899 Hypanis
1055 1823 1159 1888 Indiae

175 1911 239 1985 opud
255 1913 475 1976 StrabonemL.
499 1915 565 1977 XV.
586 1935 616 1992 p.
637 1935 715 1991 700.
731 1917 779 1993 qui
793 1915 853 1978 aliie
872 1918 990 1996 Hypafis
1007 1921 1078 1984 item
1094 1923 1155 2002 Hy·
1215 1970 1218 1976 .

176 2007 253 2083 phariis
274 2011 390 2079 dicitur.
435 2013 493 2075 Sed
522 2033 596 2074 cum
617 2013 754 2075 Strabone
778 2013 848 2078 facit
870 2015 1020 2094 Dionysius
1046 2022 1152 2100 perieff.

175 2109 383 2183 r.1145.0

205 2222 323 2303 Gallus)
345 2220 432 2304 casp
448 2213 554 2285 Barrhii
568 2220 676 2284 advers.
695 2222 726 2285 L.
742 2221 820 2286 XLI.
839 2242 864 2284 c.
880 2231 928 2286 2⁶.
945 2225 1055 2288 videsis.
1088 2227 1155 2292 Hor

141 2361 144 2366 -
175 2317 236 2380 mlh
248 2323 443 2402 fragmentum
457 2323 531 2402 fugit
555 2319 699 2384 sciendam
718 2320 781 2395 jan.
811 2320 1011 2397 Brouckbusri,
1044 2337 1077 2386 ut
1099 2323 1153 2388 ob·

174 2415 296 2484 seruatum
320 2424 391 2483 est
380 2442 439 2498 Jam
459 2441 537 2483 nunc
549 2421 576 2495 J.
598 2425 636 2482 ri.
660 2419 790 2481 Fabricio
819 2417 849 2485 B.
877 2419 936 2482 Lae
960 2419 1033 2484 Lar.
1055 2441 1083 2484 c.
1104 2442 1152 2497 14.

172 2515 236 2591 14.
260 2535 403 2584 nusum..
487 2519 560 2581 Galli
580 2517 651 2581 illud
669 2519 878 2596 fragmentum,
901 2520 978 2596 quod
999 2519 1081 2584 affert
1104 2523 1155 2584 Vi·

171 2612 323 2681 biussolum
345 2618 421 2694 effe,
444 2619 522 2697 quod
535 2618 611 2696 apud
633 2620 762 2678 dudiores
786 2615 874 2678 hodie
900 2617 1083 2696 reperiatur,·
1099 2621 1153 2682 ob-

169 2713 247 2779 servat
267 2719 400 2780 barthius
422 2717 440 2779 1
468 2737 493 2780 c.
518 2716 615 2780 Galluo
643 2730 739 2777 autem
769 2713 897 2792 quisnam
936 2714 1046 2791 feerit,
1082 2719 1150 2779 vide

167 2816 233 2890 apud
254 2813 386 2878 Servium
402 2816 439 2877 ad
456 2814 566 2894 Virgilii
586 2813 644 2876 Ecl.
661 2815 700 2875 X.
719 2827 840 2878 cinon.
887 2831 889 2838 ·

202 2929 289 3006 Afiarn
309 2931 345 2988 ab
370 2929 480 3010 Europa
489 2921 625 3010 separat)
645 2925 726 2990 Haec
743 2925 832 3005 quum
849 2927 918 2988 dicit
932 2925 1050 3002 Vibius,
1079 2927 1152 2991 obli·

166 3035 204 3084 tus
221 3027 333 3088 videtur
351 3028 430 3101 eius,
454 3027 532 3104 quoti
554 3024 610 3086 alio
623 3023 689 3086 loeo
706 3024 820 3100 scribit,
851 3023 971 3086 Tanaim
1001 3025 1092 3087 rifiam
1113 3027 1151 3089 ab

166 3121 276 3201 Europa
289 3123 428 3187 dividere
473 3115 559 3202 Atqui
578 3125 617 3185 ita
632 3138 728 3184 tamen
746 3121 899 3184 resiiabet.
959 3121 994 3183 In
1017 3141 1082 3184 eum
1107 3141 1151 3184 er.

164 3239 256 3298 rorem!
266 3223 304 3284 de
324 3222 447 3301 Hypane
465 3220 614 3284 indudtum
630 3209 799 3283 crediderim
820 3219 934 3281 Vibium
953 3239 970 3280 a
990 3218 1057 3281 loco
1079 3232 1151 3300 quoi

165 3317 224 3378 dam
241 3320 395 3381 Alexandri
412 3310 610 3399 Polyhistoris,
637 3320 703 3397 qui,
725 3319 965 3395 teste·Stephano
991 3317 1151 3398 Bymntino

164 3417 189 3475 in
209 3439 279 3481 voce
292 3410 422 3498 Hypani}
434 3406 541 3495 ,hunc
554 3418 673 3480 fluvium
692 3419 723 3478 in
741 3417 812 3478 duas
833 3415 978 3480 discedere
992 3431 1085 3495 partes
1107 3425 1150 3481 rei

164 3514 238 3590 tulit,
259 3533 381 3595 quarum
399 3517 485 3580 altera
507 3519 539 3580 in
554 3512 675 3579 Pontum
702 3515 866 3590 Euxinum,
895 3515 985 3577 altera
1005 3517 1034 3576 in
1050 3515 1152 3579 Maro

163 3613 245 3676 tidem
265 3615 401 3693 paludem
437 3615 553 3678 defluam
619 3613 706 3677 Hunc
731 3613 915 3694 posteriorem
942 3634 1008 3694 ergo
1033 3613 1153 3679 alveum

163 3708 255 3776 Vibius
275 3714 371 3776 forsan
387 3715 520 3777 confudit
540 3733 606 3776 cum
621 3713 722 3784 Tanai.
780 3711 883 3797 Procpl
911 3729 1006 3774 autem
1034 3726 1051 3772 a
1079 3727 1151 3773 vero

162 3809 231 3872 abest
246 3811 419 3892 Polyhistor.
461 3813 594 3904 Hypanis
606 3823 685 3876 enrm
706 3811 804 3872 haud
781 3825 833 3872 rta
845 3809 947 3889 procul
960 3807 1066 3882 Olbia,
1102 3803 1152 3868 σοί

161 3905 228 3970 lebri
245 3909 422 3974 Mileliorum
442 3898 601 3973 colonium
621 3909 824 3989 borysthenem
846 3908 914 3970 abir.
923 3927 959 3968 r.
982 3903 1147 3966 Hnodotm

162 4005 259 4070 L..lV
288 4028 316 4072 e.
346 4029 392 4086 53.
415 4007 572 4072 StraboL.
605 4007 667 4072 VII.
689 4027 718 4090 p.
747 4025 817 4073 aro.
829 4019 907 4122 arr.
928 4000 1150 4140 DioChrysolb·

162 4101 238 4172 Orat.
259 4092 387 4186 bo'rysth.
422 4102 448 4171 s.
475 4121 592 4174 ononi
