3225 5017
445 454 524 551 ¹84
695 468 896 537 uonna
932 450 1238 561 vasconum

412 672 415 679 ,
436 626 736 701 Ptolemairationes,
759 624 807 702 qui
824 623 853 685 L.
867 623 903 692 ll,
927 644 954 691 c.
970 636 999 695 8.
1018 626 1055 691 ad
1081 626 1314 705 Sequanae-ostia
1331 626 1424 691 Abrin-

443 740 542 789 catuos
564 724 713 785 transferre
732 742 792 783 non
811 722 929 784 dubitat
985 724 1085 786 Simile
1102 726 1162 787 sere
1191 725 1259 787 huic
1281 740 1422 803 peecatum

442 824 584 885 Ammiani
602 820 762 883 Marcellini
777 820 835 889 cst,
854 820 920 882 loco
939 823 976 883 ad
998 842 1084 900 quem
1108 823 1244 885 Hesselius
1269 840 1421 900 provocat,

438 942 522 1003 prope
545 922 628 1001 castra
653 918 823 999 Constantia,
866 919 954 980 hodie
982 920 1130 979 Crurances
1157 942 1216 984 cum
1254 921 1425 979 Matronaia

441 1038 515 1083 mare
524 1013 608 1097 fundi
623 1016 773 1079 asserentis.
818 1016 937 1079 hethiuo
954 1019 985 1078 in
1001 1018 1222 1104 cosmographia
1242 1022 1270 1081 dr
1294 1020 1374 1080 Nilus
1389 1021 1425 1079 di·

444 1117 517 1179 citur
543 1118 615 1177 Gran
633 1137 660 1178 u.
682 1136 745 1194 pag.
769 1134 815 1190 31.
844 1116 889 1176 ed.
909 1116 1037 1191 simleri,
1060 1116 1174 1184 &alius
1192 1117 1316 1192 fluvius,
1349 1135 1425 1194 quern

443 1214 518 1286 inter
534 1214 748 1277 Garumnam&
766 1214 944 1287 Bicornium,
964 1214 1000 1275 sse
1018 1213 1067 1275 illc
1079 1214 1213 1277 Rhenum
1233 1215 1297 1290 plus
1317 1214 1428 1290 simplici
1491 1223 1492 1274 ἒ

444 1314 509 1374 vice
530 1310 645 1387 salutat,
664 1314 695 1373 in
708 1314 857 1374 Oceanum
875 1312 1090 1374 occidentalem
1113 1314 1233 1375 influere
1257 1327 1427 1389 memoratp.
1486 1373 1491 1386 8

450 1418 498 1471 16.
516 1425 577 1481 turn
596 1430 659 1489 pag.
685 1422 730 1481 18.
746 1410 861 1485 adjicit,
878 1428 990 1471 currere
1009 1410 1098 1472 millia
1113 1410 1249 1477 ccccn.
1273 1412 1370 1488 Quum
1386 1432 1428 1472 au·

347 1588 351 1595 8
439 1522 509 1569 *tent
527 1528 620 1587 neque
635 1510 739 1587 Ligeris
760 1528 854 1587 neque
874 1510 1026 1585 Sequanae*
1035 1510 1211 1569 mentionem
1226 1509 1350 1584 injiciat,
1364 1509 1428 1572 Sim·

445 1605 523 1669 lerus
539 1607 706 1671 alterutrum
722 1607 939 1686 intelligendum
958 1605 1013 1667 elie
1030 1610 1106 1675 rede
1125 1608 1272 1682 judicavit.
1304 1606 1427 1685 Tandem

438 1724 536 1780 nero,
557 1726 594 1767 ne
610 1709 721 1785 penitus
742 1707 867 1784 suspeeia
888 1706 959 1765 sides
983 1705 1092 1765 hethici
1110 1704 1200 1777 soret,
1229 1703 1330 1764 Valesri
1350 1704 1430 1777 sortus
1491 1784 1493 1790 Ι

441 1822 487 1873 ‚na
508 1802 597 1880 fecit,
619 1808 712 1883 quiin
730 1806 867 1869 chronico
891 1804 1016 1882 quodam
1032 1804 1119 1865 medii
1139 1804 1203 1870 aevi
1231 1821 1341 1865 nomen
1370 1802 1429 1861 Gim
1490 1811 1493 1818 ²

447 1898 595 1977 Sequanae
611 1904 709 1966 datum
735 1906 847 1982 reperit.
872 1923 899 1964 v.
922 1902 966 1978 Ei.
989 1902 1119 1980 descript.
1139 1900 1210 1964 Gall.
1228 1922 1258 1980 p.
1285 1901 1430 1977 517.qu

448 1995 538 2071 jamin
551 1999 717 2073 Tudelensrs
735 2003 766 2065 in
787 2002 934 2078 itinerario
950 2000 1034 2077 Sibqu
1051 2016 1198 2081 nuncupat
1213 2002 1379 2085 Sequanam
1395 1998 1426 2071 0.

832 2165 1057 2279 Spercheos

440 2377 510 2421 mon
533 2363 681 2443 Sperchios.
696 2384 722 2425 v.
737 2363 800 2425 Nic.
820 2364 949 2426 Heinius
958 2363 995 2441 ad
1011 2361 1098 2428 Ouid.
1113 2373 1181 2434 met.
1198 2361 1231 2428 L.
1243 2360 1267 2425 Ι.
1287 2384 1316 2424 v.
1327 2383 1394 2443 579.

444 2482 451 2495 ·
495 2456 661 2549 Thrlfiliae)
685 2482 712 2524 v.
732 2463 844 2524 Seruius
862 2464 898 2523 ad
915 2463 988 2539 Virg.
1006 2460 1109 2538 Georg.
1135 2460 1165 2521 L.
1182 2457 1220 2523 ll.
1240 2480 1267 2521 v.
1285 2472 1354 2538 487·
1385 2460 1430 2537 Lu·

448 2557 537 2619 tatius
548 2559 584 2619 ad
597 2561 675 2621 Statii
687 2560 779 2621 Theb.
796 2560 827 2623 L.
843 2561 898 2623 IV.
912 2581 936 2622 v⁴
955 2570 1024 2636 838.
1038 2550 1067 2621 d
1083 2559 1120 2620 ad
1133 2552 1233 2620 richill.
1250 2560 1284 2623 L.
1297 2560 1320 2625 Ι.
1333 2581 1358 2621 v.
1369 2566 1428 2627 628.

443 2676 481 2720 ⁴v.
508 2659 535 2719 rr
563 2658 667 2720 Statius
697 2658 755 2737 ipse
778 2659 880 2721 Achill.
910 2659 943 2723 L.
968 2658 992 2722 l.
1028 2678 1057 2722 n.
1087 2668 1125 2732 98
1151 2660 1273 2733 &aq-1.
1303 2668 1429 2724 nessus.

496 2756 586 2833 Prope
612 2758 774 2835 Anticyram
793 2759 823 2819 in
841 2758 943 2819 intimo
960 2757 1019 2819 srnu
1046 2756 1170 2825 Maliaco
1183 2756 1217 2817 in
1244 2776 1323 2818 mare
1346 2754 1431 2816 exibat

443 2854 619 2930 Spercheos.
664 2858 822 2933 Antequam
839 2858 869 2917 in
886 2856 1037 2924 Locridem
1049 2840 1317 2942 perThermopylas
1338 2856 1431 2916 intrare

445 2951 567 3025 liceret,
592 2952 766 3029 Spercheos,
791 2954 894 3033 Dyras,
920 2954 1014 3017 Melas
1030 2958 1059 3016 dc
1075 2953 1182 3031 dsopus
1192 2952 1341 3039 superandi
1351 2962 1437 3013 erant

444 3066 481 3115 τ’.
500 3052 662 3113 Herodotus
683 3052 712 3121 L.
726 3052 789 3114 Vll.
807 3074 832 3120 c.
858 3064 923 3129 198.
947 3074 1012 3128 199.
1037 3072 1107 3114 200.
1129 3056 1152 3115 h
1174 3052 1376 3133 Thermopylis
1398 3047 1429 3110 ad

447 3150 587 3227 Sperchei
607 3150 867 3225 ostia'maritimum
892 3155 945 3213 iter
966 3154 1067 3213 decem
1088 3151 1177 3229 modo
1201 3151 1353 3213 stadiorum
1375 3148 1429 3209 snit
1491 3143 1492 3150 '

445 3264 480 3323 ’8.
499 3251 598 3312 Strabo
621 3254 648 3314 L.
666 3252 719 3313 ΙΙΙ.
745 3272 773 3334 p.
792 3264 862 3329 428.
894 3265 1049 3327 senorx.
1150 3249 1285 3327 Sperchei
1315 3264 1430 3316 nomen,

449 3350 531 3425 'quod
551 3349 636 3422 hodie
654 3350 783 3425 obtinet,
805 3349 959 3437 Agripmela
976 3348 1015 3410 est
1034 3349 1110 3426 apud
1125 3348 1261 3411 Brittium
1274 3349 1304 3409 in
1316 3340 1429 3425 parallel

450 3444 489 3507 G.
505 3444 540 3506 V.
561 3451 589 3507 dt
613 3448 649 3509 Ν.
665 3448 695 3513 Ρ.
715 3448 751 3510 ΙΙ.
767 3469 796 3531 p.
813 3442 879 3525 3⁶5.
899 3450 945 3510 Sic
963 3451 991 3509 dr
1011 3447 1173 3525 Sophianus
1187 3459 1293 3515 vocat,
1307 3445 1373 3507 telle
1385 3441 1432 3503 01·

451 3542 531 3607 telio.
550 3543 683 3607 Theveto
699 3563 792 3608 tamen
807 3547 901 3606 Comen
914 3549 991 3622 dici,
1007 3547 1063 3619 hic
1074 3546 1180 3623 adjicit.
1225 3546 1338 3607 Rectius
1350 3538 1433 3604 forsan
1491 3543 1492 3622 8

451 3644 484 3705 id
505 3644 661 3705 nomenari
677 3646 831 3725 Sperchion
847 3645 944 3706 locum
962 3644 1032 3706 ostio
1052 3644 1177 3707 fluminis
1197 3644 1363 3721 appositum,
1377 3638 1435 3699 Pto·

453 3742 564 3803 lemaeo
579 3740 611 3807 L.
626 3740 677 3803 Ill.
698 3760 724 3807 c.
745 3761 791 3817 ¹3·
803 3734 955 3805 laudatum
970 3742 1017 3805 vel
1035 3744 1071 3804 ad
1086 3729 1241 3824 Sperchion
1253 3740 1333 3802 Plinii
1344 3738 1373 3799 L.
1388 3732 1431 3796 ll.
1491 3737 1492 3796 l

453 3862 480 3905 e.
500 3861 526 3920 7.
550 3842 685 3919 quadrare
701 3840 813 3914 dixeris.
852 3840 939 3903 Vicus
969 3840 1025 3902 esse
1044 3842 1156 3903 videtur
1185 3842 1216 3900 in
1248 3831 1432 3917 promontorio

449 3939 572 4002 noenu.
618 3940 723 4001 verum
741 3939 1039 4017 sophianusphrelra
1055 3939 1192 4017 appellari
1205 3938 1297 4000 rarat.
1322 3937 1432 3997 Amnem
1491 3909 1492 3958 r

449 4040 622 4117 'Sperchium
639 4037 688 4099 suo
710 4056 781 4098 aevo
806 4036 960 4096 Salambria
982 4038 1070 4100 fuisse
1084 4039 1192 4100 dicium
1209 4036 1243 4098 ls.
1263 4035 1383 4096 Tzetzcs
1399 4043 1433 4088 te·

447 4140 573 4208 ¹statur,
612 4156 713 4201 verum
752 4134 833 4215 supra
870 4134 1023 4218 Salamprr'a
1045 4135 1182 4215 appellari
1220 4135 1342 4196 Peneum
1371 4125 1432 4190 vidi.
