3225 5017
489 432 831 577 ,iob
1095 392 1283 537 ’ν’

100 724 101 728 ¹
209 632 326 705 debeat
348 590 499 725 pretium
516 682 527 715 ,
543 632 787 725 intelligamus.
817 635 944 719 Reme,
966 660 1040 711 ntea
1056 640 1199 733 quidem

204 740 394 827 sententia,
418 745 458 817 de
488 770 529 815 to
550 746 720 837 judicavit
736 745 904 823 Heffellus
923 753 963 823 iu
983 752 1195 844 praeffitione

205 857 368 929 editionis
385 855 464 929 suae
483 858 525 928 ad
543 860 652 931 Hadr.
677 860 871 933 Relaudum
909 918 931 952 ‚,
943 868 1105 960 ·Scriptor
1124 870 1193 954 est,

203 1018 227 1052 „
253 969 317 1043 nifi
342 974 461 1043 multis
477 974 516 1043 in
538 974 623 1045 locis
639 976 868 1066 interpolatus
890 974 933 1049 fit
955 982 1196 1059 incredibilem

204 1133 228 1166 ‚‚
255 1088 293 1155 in
310 1086 473 1177 modum,
498 1110 571 1157 non
589 1090 703 1180 magni
720 1088 845 1180 judicii
863 1114 1075 1185 magnaeque
1091 1093 1195 1169 facul·

200 1246 226 1278 ‚,
253 1202 354 1280 tatio,
370 1224 433 1273 nec
446 1216 561 1271 tamen
576 1196 637 1271 scit
653 1199 755 1273 nihil.
776 1202 842 1275 Sed
857 1202 905 1275 est
920 1229 992 1277 non
1009 1210 1156 1281 inutilis.
1169 1262 1194 1302 ‚,

100 1386 102 1401 ‚
200 1309 309 1379 Paulo
323 1311 396 1403 post
417 1316 465 1384 ita
486 1316 600 1407 pergit
615 1314 708 1387 idem
740 1314 1197 1404 „Animadvertes‚miRe.

198 1480 222 1514 ,‚
250 1424 367 1506 lande,
386 1450 641 1519 nonnunquam
658 1430 894 1520 Sequellrem,
913 1433 1019 1523 dum,
1034 1439 1195 1529 plurimis

198 1588 220 1623 ,,
249 1561 361 1615 unum
392 1542 564 1611 inlocum
589 1546 714 1613 coatlis
748 1547 884 1636 poetis,
921 1550 1018 1639 quod
1045 1547 1195 1643 quisque

198 1702 218 1739 „
249 1652 516 1725 commodiffime
540 1659 734 1748 praecipere
759 1658 946 1731 videbatur
979 1660 1021 1732 de
1054 1662 1195 1758 geogra-

197 1818 216 1854 „
249 1760 329 1857 phla
346 1766 532 1860 excarpsu,
555 1770 586 1839 &
606 1794 649 1839 ex
680 1760 785 1841 variis
810 1775 962 1866 ingeniis
996 1773 1196 1849 obscuriora

196 1936 219 1972 „
248 1904 406 1973 quaeque
425 1906 464 1953 ac
478 1885 615 1953 notiora
638 1885 783 1968 libavit,
813 1888 846 1957 &
869 1884 913 1957 lic
933 1888 1108 1981 quidquid
1127 1888 1196 1961 hoc

196 2020 223 2062 u
250 1992 359 2064 libelli
376 1994 423 2065 est
442 2018 480 2067 ac
498 1984 749 2089 qualecumque
769 1996 940 2072 confecit:
978 2002 1195 2089 animadver-

196 2159 219 2194 „
246 2124 321 2194 tea,
348 2109 513 2199 inquam,
547 2110 762 2201 sequestrem
786 2116 923 2205 portico
955 2140 1052 2186 more
1080 2140 1197 2189 exem·

195 2273 218 2309 ‚‚
247 2220 377 2313 ploque
406 2224 575 2292 terminos
599 2224 780 2315 aliquanto
803 2227 909 2295 latius
927 2224 1070 2319 pegilse,
1091 2252 1197 2319 quam

195 2388 219 2423 ,‚
247 2332 353 2426 ipfiue
373 2338 525 2435 regionie
543 2358 673 2423 nomen
693 2336 894 2428 postulabat
944 2339 1021 2410 Nec
1046 2343 1194 2425 mirum,

196 2501 221 2535 „
251 2472 359 2539 quum
377 2474 437 2542 per
454 2449 612 2543 ambages
638 2452 867 2542 Deorumque
888 2451 1076 2534 ministeria
1096 2457 1128 2525 &
1145 2451 1195 2525 fa-

195 2614 219 2650 „
249 2560 408 2635 bulosum
426 2561 676 2637 sententiarum
711 2581 926 2636 tormentum
947 2566 1192 2659 praecipitatus

194 2730 217 2765 „
246 2673 352 2749 luerit
379 2679 465 2750 liber
486 2675 628 2771 spiritus
646 2702 788 2757 cotum3
822 2696 864 2749 ut
892 2681 1010 2771 potius
1043 2676 1193 2751 firrentie

184 2814 186 2819 ·
195 2850 218 2885 „
245 2796 352 2863 animi
368 2795 568 2865 vaticinatio
584 2810 783 2885 appareret,
797 2815 902 2883 quam
923 2787 1191 2939 religiolap'ora-

195 2960 218 2994 „
245 2910 352 2991 tionis
378 2904 441 2978 sub
457 2906 602 2979 testibus
625 2904 737 2995 fides,
772 2903 860 2977 ficut
883 2908 1070 3012 elegantiae
1087 2902 1193 2975 uixit

197 3081 220 3117 „
244 3022 373 3091 arbiter
387 3049 398 3101 3
425 3018 451 3091 fi
475 3018 638 3091 nonnihil
667 3015 825 3091 diversae
850 3017 908 3089 hic
934 3016 1050 3089 noster
1067 3019 1193 3087 abierit

197 3120 220 3222 J,
247 3159 266 3204 a
289 3136 414 3227 juratis
446 3152 556 3205 terrae
595 3131 822 3209 mensoribue
884 3134 1019 3203 Tamen
1048 3133 1192 3203 Lucano

100 3310 101 3313 ,
196 3301 219 3335 ,,
246 3248 450 3341 plerumque
470 3244 640 3319 adhaefit:
659 3270 762 3343 quem
778 3250 841 3337 qui
859 3249 1063 3339 negaverint
1079 3248 1193 3318 omui·-

196 3414 218 3449 „
247 3385 292 3429 uo
317 3358 455 3453 prorsus
478 3362 667 3453 Apollinari
702 3362 816 3431 laurea
851 3357 946 3431 fuiffe
969 3360 1188 3443 donandum,

198 3477 369 3551 „utpote
403 3484 513 3551 quum
538 3477 654 3529 rerunt
692 3461 729 3529 in
764 3458 853 3529 bello
884 3456 1065 3550 plusquam
1094 3460 1192 3531 civili

111 3544 114 3560 Ι
200 3627 221 3661 ,,
250 3572 418 3665 gestarum
437 3576 682 3667 pronuntiator·
704 3570 854 3643 fincerus
881 3575 912 3643 ἃ
935 3570 1073 3666 grandis
1087 3574 1192 3658 etiam

199 3738 220 3772 „
247 3682 360 3757 foillet
383 3690 510 3780 magis,
538 3710 642 3779 quam
669 3698 769 3779 poeta
797 3688 921 3780 plenus
944 3705 1050 3778 atque
1076 3682 1191 3778 perfe-

202 3852 223 3887 „
251 3804 349 3881 tlus3
373 3826 444 3894 quo
467 3802 732 3895 juretquaque
755 3802 904 3895 injuria,
924 3822 998 3871 non
1020 3798 1068 3869 est
1094 3794 1191 3888 quod

202 3964 224 4001 ,,
248 3912 421 3987 edifferam
442 3916 518 3991 tibi.
557 3916 603 4005 tlt
624 3914 715 3987 enirn
736 3912 829 3987 idem
842 3913 903 3990 iste
926 3934 1069 4013 quoque
1102 3923 1195 3987 cete*

687 4084 832 4179 ltr-

1427 957 1438 999 l
