3225 5017
521 397 615 480 'sn
656 417 906 484 moseres·
1018 365 1053 378 '⁴
1120 411 1204 522 343⁴

191 583 224 644 dr
242 576 347 644 Servio
368 573 406 640 ed
427 553 543 656 ipsum,
566 575 649 640 suum
671 573 824 644 uticulum
848 581 973 650 hauserit
995 583 1109 672 Vibius,
1138 610 1200 656 non

192 680 237 741 eli
263 678 410 753 dublum,
431 675 483 738 rifi
503 674 659 754 respexerit
674 679 711 739 ad
725 679 874 744 Lucanum
896 682 1020 756 thll.
1032 707 1060 750 v.
1071 692 1201 769 gooseq

509 800 661 879 ··firota
681 802 717 883 ess
736 803 869 862 Herculis
890 803 957 866 Oete

319 896 394 960 Et
377 919 449 982 Juga
472 915 532 958 rora
559 914 662 958 vacant
689 902 797 961 Bromio
817 897 927 984 Nyfiia
970 936 983 951 -
1023 939 1035 953 -

190 1018 312 1090 Merum
329 1033 460 1086 montem
488 1021 614 1085 eundem
649 1021 705 1084 else
733 1044 801 1086 cum
827 1026 982 1090 decantato
1015 1017 1200 1136 scriptoribus¹

157 1116 168 1136 ⁴
191 1122 392 1189 Orientalibus
411 1135 511 1184 monte
536 1123 645 1196 Mem,
686 1120 873 1185 celeberrimo
899 1125 990 1190 visum
1009 1099 1197 1216 D'hnvillio,

192 1224 247 1302 qui
268 1213 373 1284 exinde
392 1222 527 1283 inductus
545 1219 601 1293 est,
623 1232 656 1282 ut
679 1219 716 1282 ad
729 1215 909 1286 confluentes
933 1224 1020 1287 Chois
1038 1230 1066 1288 δι
1083 1227 1197 1308 Cophe-

189 1325 239 1384 nis
261 1320 370 1384 locaret
397 1308 526 1401 Nysm,
555 1319 734 1396 eandemque
766 1335 880 1400 putaret
903 1342 970 1386 cum
991 1325 1108 1408 Nagara
1135 1326 1200 1388 Pto-

191 1421 350 1482 lernaei&
374 1419 474 1502 Nagar
491 1415 653 1496 Geog‘raphi
670 1417 767 1481 Turci.
793 1419 899 1484 Verum
919 1424 992 1484 adeo
1013 1423 1200 1494 fabulosasr

190 1520 283 1598 bique
300 1523 327 1581 dr
344 1517 406 1579 litui
421 1517 490 1579 huic
506 1516 557 1594 iph
573 1519 759 1597 repugnantia
776 1518 886 1581 somnia
909 1519 1083 1584 memoratos
1101 1505 1198 1607 audio·¹

190 1639 240 1681 res
264 1638 300 1679 ex
320 1615 462 1681 cerebello
485 1615 535 1679 suo
552 1617 745 1694 profundere,
773 1619 897 1712 ostendit
919 1619 995 1682 Baro
1019 1621 1094 1682 deS.
1110 1619 1200 1684 Croix'

190 1739 224 1797 p.
255 1737 324 1791 241.
347 1719 423 1793 &p
450 1734 530 1793 312,
567 1731 599 1777 ut
626 1715 739 1794 prorsus
761 1717 833 1777 nihil
867 1721 953 1778 certi
958 1719 1026 1780 inde
1062 1718 1197 1810 colligere

190 1815 289 1880 liceat.
321 1815 462 1878 Librarius
478 1800 610 1895 homines
634 1813 737 1887 Vibio,
763 1835 851 1891 quem
877 1815 1119 1892 transcribebant,
1140 1817 1201 1878 sae

193 1936 234 1996 pe
247 1905 298 1976 de
313 1901 378 1988 suo
400 1913 509 1992 aliquid
531 1888 680 1989 adjecisse,
710 1914 790 1992 quod
813 1933 881 1977 mox
902 1899 944 1998 ad
957 1914 1099 2002 Mplraren
1119 1927 1198 1976 nota

192 2015 326 2089 vimus,
335 1998 372 2074 ex
392 2010 532 2076 hocloco
548 2005 640 2076 rursus
654 2027 742 2089 patet.
766 2012 867 2074 Codex
883 2015 990 2092 quippe
1005 2011 1140 2075 Parisinus
1149 2000 1195 2076 ll.

193 2108 237 2177 ita
254 2105 368 2179 habete
390 2107 474 2192 Nysa
487 2106 603 2186 Indiae,
624 2110 671 2170 ubi
695 2108 794 2171 colitur
817 2109 953 2174 Bacchus.
991 2112 1028 2175 ht
1051 2108 1082 2172 id
1107 2090 1199 2190 syrma

196 2209 352 2292 areliquis
374 2210 510 2292 omnibus
521 2203 657 2307 esulae
685 2208 722 2274 Ο

255 2399 259 2406 ·
393 2405 397 2412 ’
531 2372 825 2501 jN'emeus&

236 2573 318 2638 Loco
337 2569 547 2651 oormptilsrmo
571 2571 715 2636 medelam
738 2589 776 2634 ex
789 2571 933 2634 hoccasio
952 2569 1119 2647 attulimus,
1149 2569 1202 2651 qul

194 2672 274 2738 solus
291 2672 387 2736 sanam
409 2671 565 2734 lediionem
580 2669 710 2734 servarat·
733 2673 854 2732 Nemeus
872 2668 1047 2750 Cleonensmm
1065 2693 1139 2731 mons
1154 2661 1198 2754 effi

196 2769 293 2847 vide,
313 2790 399 2861 quam
418 2766 630 2847 nulla'prorsus
649 2780 737 2850 opera
750 2789 787 2832 ex
806 2769 861 2834 hac
874 2789 947 2856 voce
966 2771 998 2833 in
1016 2767 1134 2849 scriptos
1147 2771 1201 2833 ini.

194 2869 360 2950 pressosque
374 2867 467 2955 libros
478 2869 611 2932 irruerint
627 2869 776 2946 monstra,
803 2887 875 2948 quae
900 2867 951 2931 suo
968 2867 1036 2932 loco
1060 2867 1202 2931 recensnia

195 2989 278 3032 mus:
302 2955 508 3047 Cleomenfirim,
541 2967 738 3048 Elemensrum,
771 2969 971 3047 Deprensum,
1012 2960 1197 3046 eiconmfiumi

196 3066 326 3132 Ortelius
349 3065 540 3146 Lugdunense
562 3066 709 3144 exemplar
730 3066 866 3128 exhibere
888 3065 1092 3146 Deinmenfium
1117 3061 1201 3132 tellas

196 3180 256 3233 tur
286 3165 441 3242 Errorum,
462 3165 567 3242 quihus
589 3164 697 3227 librarii
714 3165 848 3226 homines
866 3163 932 3226 sunt
958 3162 1099 3232 obnoxii,
1132 3153 1200 3230 illul,

194 3266 253 3328 stre
264 3265 328 3326 hoc
354 3263 520 3342 exemplum
543 3263 601 3339 est,
629 3261 722 3342 qualia
747 3263 873 3324 maxime
889 3257 1086 3340 Geographiea
1110 3264 1199 3370 opert

197 3363 396 3442 suppeditare·
393 3361 506 3424 solent
530 3351 656 3424 Cleonae
675 3361 771 3440 plures
802 3373 999 3423 memorantur
1025 3357 1140 3439 priscis,
1164 3339 1199 3421 ῐιι

200 3462 280 3527 htho
295 3475 417 3535 monte,
432 3463 468 3522 in
492 3458 639 3536 Phocide,
656 3476 718 3523 turn
734 3462 764 3522 in
780 3458 981 3538 Peloponneso
997 3458 1074 3522 duae
1094 3456 1196 3530 tresve,

195 3563 228 3626 in
247 3561 408 3638 Achaia,
397 3580 429 3622 ιιι
447 3560 619 3639 Armdip,
608 3580 642 3622 m
662 3560 753 3639 Argia
774 3559 814 3622 cf.
834 3556 973 3628 Ortelius.
1011 3557 1063 3620 De¹
1081 3553 1197 3618 Cleonis

195 3661 234 3724 ad
257 3660 355 3722 Athon
374 3680 402 3722 v.
421 3659 587 3723 Herodotus
599 3659 633 3726 L.
652 3657 718 3724 vll.
733 3678 760 3725 c.
783 3675 833 3742 ια’.
847 3656 913 3734 suut
927 3657 994 3726 istae
1005 3651 1198 3738 Chalcidicae,

196 3760 323 3824 Cleonas
361 3758 494 3820 Phocidis
515 3759 552 3821 ad
581 3755 760 3837 Hyampolin
787 3767 932 3818 memorat
969 3747 1134 3814 Plutarchus
1161 3746 1199 3806 de

198 3855 354 3920 virtutibus
377 3855 551 3931 mulierum,
573 3856 704 3935 Operum
721 3855 757 3918 T.
768 3853 809 3918 IL
822 3873 887 3932 pag.
902 3868 972 3926 244.
988 3847 1124 3910 Achaicae
1142 3842 1203 3906 llo-

197 3976 297 4020 mems
324 3953 452 4018 recenset
470 3953 618 4022 ll.-L.11.
641 3955 672 4015 in
693 3952 775 4015 catal.
796 3951 915 4014 navium
936 3966 967 4012 ι.
990 3962 1040 4024 77.
1075 3959 1203 4020 quocum

201 4055 399 4120 conserendus
416 4055 492 4118 inter
513 4053 584 4116 alios
608 4051 716 4116 Plinius
738 4051 770 4112 L.
792 4049 844 4114 lv.
860 4068 886 4111 c.
911 4067 937 4122 5.
961 4041 1063 4106 Hicin
1087 4038 1206 4104 Arcadia

749 4172 820 4248 Υι
