3225 5017
689 150 702 198 1
933 148 973 151 ,,

396 457 400 463 ’
509 455 580 517 AD
639 452 892 519 FLUMINA
966 456 975 472 ⁰
1138 444 1187 553 65

193 627 216 698 '„
235 618 334 699 perior
352 626 450 681 tamen
480 615 543 691 ejus
571 634 636 693 pars
658 614 775 677 alonte
807 611 955 693 adpellata
977 612 1060 679 fuisse
1081 616 1194 683 videtur

192 746 214 795 ·‚·,
239 710 427 797 Antispltoms
456 712 634 792 (legendum
662 712 710 775 hic
731 708 974 795 Amrisplroros):
995 717 1106 793 media,
1138 740 1194 798 qua

193 862 215 895 „
237 814 336 879 subter
353 827 459 907 terram
471 812 599 882 fluebat,
613 814 706 873 Atros:
727 812 852 886 exime,
870 813 908 875 ad
924 831 1003 875 orare
1019 814 1107 893 usque
1118 819 1194 877 Aac·

194 958 216 993 ‚,
235 935 298 997 pos·
315 930 350 987 „¹
383 912 453 975 Non
468 911 598 989 prosette
615 909 788 973 sansucium
799 910 873 973 baec
893 911 1038 988 eluiem,
1072 934 1127 978 nee
1152 929 1193 980 ta-

193 1030 264 1076 men
282 1010 404 1073 meliora
421 1009 486 1073 sunt
498 1012 530 1071 in
548 1022 704 1087 promptu,
727 1026 800 1087 quae
815 1008 944 1076 afferam.
987 1010 1114 1074 Subinde
1129 1015 1192 1089 ejua

195 1111 323 1175 fluminis
344 1124 453 1173 mutata
468 1108 524 1171 else
546 1108 681 1181 nomina,
704 1125 740 1169 ex
761 1116 910 1186 anonymo
936 1108 1103 1173 Rauennate
1121 1132 1193 1190 quo-

195 1230 252 1289 que
266 1222 366 1287 patet,
389 1210 436 1271 cui
452 1208 491 1269 est
512 1201 703 1289 Amposalios.
755 1206 906 1284 Perperam
932 1205 1018 1285 inscia
1043 1208 1191 1285 plebecula

195 1308 300 1387 Alphei
318 1326 427 1369 nomen
447 1306 533 1369 hodie
550 1292 648 1387 Arlape
663 1303 778 1369 tribuit:
816 1303 847 1365 Il
860 1302 944 1380 firme
964 1303 994 1362 ἰ
1003 1298 1087 1381 Alseo
1110 1308 1189 1380 dici,

196 1406 311 1471 testatur
336 1406 466 1481 Aretius;
501 1406 601 1467 erroris
631 1402 752 1467 caussam
776 1422 813 1463 ex
836 1402 940 1465 sabulis
976 1403 1074 1481 priscis
1100 1388 1191 1483 aperit

193 1502 352 1567 Dorvlllius
367 1506 398 1563 in
414 1501 514 1565 Siculis
529 1502 564 1567 T.
591 1502 614 1564 l.
625 1522 654 1581 p.
675 1514 743 1573 182·
766 1500 974 1581 Syracusanum
991 1505 1082 1582 rigare
1090 1524 1190 1583 agrum

193 1601 274 1665 hunc
293 1603 421 1665 nostrum
438 1604 568 1679 Anapum
590 1620 626 1665 ex
650 1601 747 1679 Cyane
771 1599 938 1678 intelligitur
957 1601 1059 1678 sonte,
1089 1606 1190 1681 quiin

194 1700 300 1761 eodem
316 1699 483 1778 potabatur,
493 1699 584 1761 Plinio
600 1699 668 1761 teste
685 1699 718 1763 L.
736 1698 788 1761 lll.
805 1719 832 1763 c.
846 1710 883 1775 8,
905 1704 934 1762 ἃ
955 1721 1081 1779 quocum
1102 1723 1189 1783 aquae

193 1795 258 1859 suas
284 1797 420 1860 miscebat
435 1798 505 1872 iste,
527 1811 560 1861 ut
581 1797 667 1859 refert
682 1798 804 1861 Ovidius
821 1798 852 1861 L.
870 1798 908 1861 ll.
924 1818 961 1861 ex
975 1801 1068 1863 Ponto
1087 1803 1188 1880 ep.X.

194 1913 224 1956 v.
240 1902 291 1957 2⁶.
310 1894 457 1974 Syracusas
473 1897 594 1959 inter&
621 1894 786 1959 suburbium
807 1896 995 1977 Olympicum
1021 1902 1052 1961 in
1072 1916 1190 1979 portum

194 2010 332 2072 magnum
348 1994 517 2057 infunditur.
562 1992 675 2073 Illyrica
695 2014 811 2073 quoque
826 1998 905 2074 regio
921 1998 1047 2075 itemque
1068 2002 1192 2061 Acarna.

195 2094 245 2155 nia
261 2092 341 2157 suum
352 2093 403 2155 srbi
420 2096 550 2171 Anapum
570 2092 682 2159 habuit.
725 2093 769 2154 Ab
784 2094 818 2155 iis
833 2094 968 2157 omnibus
988 2096 1079 2173 probe
1093 2097 1192 2158 distin·

136 2172 147 2201 ¹
195 2192 327 2271 guendus
339 2195 444 2273 Anapis
459 2191 505 2253 vel
520 2192 659 2269 Anapias,
682 2190 838 2257 Catinensis
853 2193 963 2266 bomo,
984 2195 1067 2267 cujus
1081 2197 1109 2255 rr
1122 2197 1192 2255 Am·

196 2290 329 2371 phinomi
346 2291 439 2355 fratris
456 2290 593 2369 pietatem
612 2290 643 2350 in
661 2302 812 2367 parentes,
835 2302 1023 2351 memoratam
1038 2292 1189 2369 Straboni,

196 2392 308 2452 nummi
327 2406 441 2469 quoque
457 2388 544 2452 Siculi
564 2387 711 2451 celebrant
732 2388 809 2465 apud
835 2388 1010 2451 Parutam&
1033 2389 1189 2454 Carreram.

198 2489 396 2553 Conferendus
412 2491 530 2551 omnino
547 2488 725 2551 Burmannus
741 2487 771 2547 in
787 2506 894 2551 comm.
915 2487 960 2549 ad.
980 2486 1047 2549 NN.
1060 2488 1190 2551 Dorvillii

195 2608 225 2667 p.
248 2608 306 2666 314
323 2590 351 2653 ἃ
368 2600 435 2665 318.
480 2590 623 2651 Nummus
639 2600 735 2649 tamen
748 2586 865 2648 l’arutae
877 2597 914 2664 78
930 2584 1042 2656 tabulae
1054 2586 1188 2662 XXXH,

196 2686 245 2765 qui
264 2686 381 2749 adversa
402 2698 483 2766 parte
500 2686 746 2765 Amphinomum,
768 2684 865 2747 aversa
874 2674 1017 2763 Orrapimn
1036 2687 1190 2766 exprimit,¹

195 2783 342 2863 suspectus
360 2786 399 2846 est
418 2785 463 2849 lll.
483 2784 604 2849 Castello
621 2784 650 2850 P.
670 2784 707 2848 T.
724 2782 768 2847 M.
799 2786 830 2845 in
856 2786 947 2863 prima
970 2785 1104 2865 aggiunta
1134 2783 1192 2847 alla

194 2880 291 2946 Sicilia
310 2884 506 2947 numismatica
528 2886 558 2945 di
580 2882 630 2945 Fil.
666 2884 782 2958 Paruta,
805 2902 878 2963 quae
901 2899 1001 2948 extarrt
1032 2896 1113 2952 tomo
1132 2883 1188 2948 XL

184 2980 254 3078 ‘'de'i
285 2980 414 3061 opusculi
441 2982 471 3045 di
490 2983 582 3045 autori
604 2980 756 3048 siciliani..
781 2982 820 3045 Ο.

623 3171 760 3259 Alabis

241 3385 397 3464 Collatino,
420 3385 551 3467 magistro
567 3386 662 3451 forsan
685 3390 713 3452 ἃ
738 3384 813 3450 duce
836 3383 980 3450 bachario
1003 3386 1094 3455 chan
1116 3391 1188 3458 L.L

196 3509 224 3553 c.
251 3499 299 3559 28.
322 3506 350 3565 p.
372 3498 439 3565 538·
462 3486 571 3549 Alabon
592 3487 718 3565 probat',
736 3486 771 3548 G.
793 3488 827 3549 A.
853 3486 887 3553 L.
909 3485 949 3551 11.
970 3506 999 3549 c.
1029 3507 1077 3556 12.
1097 3488 1120 3567 ς.
1139 3510 1189 3554 ao.

198 3588 309 3666 quippe
329 3584 366 3647 fic
382 3584 524 3649 Diodorus
537 3585 591 3647 Sic.
616 3586 647 3649 1.
665 3584 713 3647 lv.
738 3605 763 3649 c.
784 3596 834 3657 80.
857 3587 885 3647 ἃ
904 3586 1064 3665 Stephanus
1077 3589 1146 3668 nyz.
1158 3592 1191 3651 in

197 3680 335 3773 Karpia,
360 3684 462 3743 Alabis
478 3698 597 3763 vocatur
612 3684 682 3747 Silio
697 3684 759 3747 Ital.
779 3684 812 3751 L.
828 3683 908 3747 XIV.
925 3704 954 3751 r.
975 3697 1043 3756 228.
1082 3685 1192 3745 Alebus

198 3781 366 3845 Ptolemaeo
392 3782 424 3848 L.
446 3783 498 3846 Ill.
525 3802 550 3846 c.
579 3804 608 3859 4.
635 3802 668 3847 ac
694 3782 845 3847 Plutarcho
871 3782 979 3846 simol.
1004 3802 1035 3861 p.
1052 3801 1123 3856 252.
1144 3782 1194 3844 ubi

198 3878 295 3952 iam
320 3900 375 3959 pro
395 3882 495 3953 mar..
520 3886 688 3960 traJetlione
706 3882 873 3945 litterarum.

238 4004 384 4153 massot)
407 4001 542 4068 Cellariu‘t
559 4007 741 4091 devastabam
763 4006 857 4082 bene,
878 4007 922 4071 uti
934 4004 1031 4069 credo.
1052 4016 1191 4075 nassas..
1231 4027 1234 4034 ’

714 4200 738 4265 Ε
825 4148 829 4153 .
