3225 5017
499 530 568 589 nn
628 526 888 587 ruumrur
1106 479 1178 597 ¹61

193 688 381 771 ignotum'ell
401 684 470 750 illud
482 669 610 760 nomen,
631 686 677 749 cui
689 686 845 764 aperiendo
861 685 936 751 solur
950 687 1185 759 Ravennarrlno·

191 810 299 870 nymus
330 788 426 851 lucem
456 787 541 862 lert3
587 784 635 847 hic
665 786 741 847 enim
777 786 808 846 in
842 790 1059 852 enumeratione
1082 794 1185 857 fluvio-

190 911 258 952 rum
281 888 393 953 Siciliae
412 887 555 965 quendam
570 878 751 966 Anoposalios
769 884 911 963 appellat,
939 890 990 965 qui
1021 891 1100 955 idem
1119 914 1185 957 mee
1223 894 1227 899 ’

191 988 333 1051 sententia
361 1006 428 1049 cum
460 986 557 1066 Aropo
584 1004 677 1045 caeno.
742 984 820 1046 Nam
843 1004 941 1045 euenor
955 986 1001 1049 vel
1025 992 1102 1051 zade
1124 1012 1184 1057 vox

191 1088 300 1150 Graeca
321 1086 379 1161 est,
399 1084 594 1163 significatque
608 1101 725 1153 novun,
757 1082 828 1145 ficut
843 1086 956 1164 Anapos
970 1084 1060 1161 alios,
1084 1088 1185 1153 Latine

191 1175 318 1249 'recentem
339 1186 369 1247 h.
384 1204 409 1246 e.
434 1184 519 1243 aliun
533 1182 658 1244 denotat.
710 1180 839 1243 Firmant
856 1195 952 1243 autem
978 1184 1187 1263 interpretatio-

191 1304 260 1346 nem
275 1283 475 1363 praecedentia
494 1279 578 1343 verba
592 1280 685 1355 Vibii,
716 1278 773 1342 hnc
802 1299 908 1359 nempe
930 1281 1039 1343 flumen
1055 1306 1106 1365 per
1128 1289 1183 1347 duo

192 1382 279 1443 millia
299 1377 423 1464 paffuum
432 1376 484 1455 suh
500 1397 571 1439 terra
592 1380 695 1463 mergi,
719 1378 795 1438 dead
818 1373 972 1459 Syracusas
995 1376 1087 1460 rursus
1104 1406 1184 1445 emer.

190 1502 258 1563 gere.
303 1481 389 1555 Jam,
408 1480 428 1540 lr
444 1480 505 1557 quis
526 1479 662 1547 miretur,
686 1477 812 1540 nostrum
836 1478 946 1540 Graeco
962 1479 1103 1543 vocabulo
1120 1484 1183 1559 uti,

180 1578 308 1665 *afferam
325 1577 449 1641 &alium
462 1577 545 1655 ipsrue
558 1575 673 1651 locum,
684 1577 715 1637 in
732 1596 788 1655 quo
804 1579 833 1638 ἀ
850 1574 887 1638 dc
900 1576 1010 1639 Siciliae
1020 1579 1090 1639 urbe
1105 1582 1183 1658 agite

189 1678 214 1738 is
231 1678 270 1739 est
288 1678 539 1751 dcTauromini03
560 1696 644 1753 aquo
663 1676 771 1738 dilium
788 1676 828 1736 ait
839 1675 964 1756 oppidum
976 1676 1005 1735 T
1000 1678 1185 1756 aurominium,
1268 1713 1273 1730 r

190 1778 262 1855 quod
270 1776 399 1857 oppidum
411 1774 490 1835 aliter
504 1770 627 1857 Euscion
647 1775 728 1835 chora
744 1774 845 1834 dicitur
852 1795 866 1845 ;
888 1773 925 1836 fic
940 1776 1016 1836 enim
1031 1779 1188 1840 emendan-

192 1873 261 1935 dum
281 1872 322 1934 ibi
344 1873 532 1935 ostendemus.
585 1872 627 1933 lta
649 1871 777 1935 illustrari
801 1871 880 1951 polle
902 1872 1092 1937 obscuriliima
1116 1872 1199 1941 aliaex

190 1972 277 2033 verba
309 1972 434 2050 videtur,
471 1972 491 2033 fi
528 1970 647 2033 meliora
671 1971 719 2033 alii
749 1973 957 2048 indicaverint,
995 1992 1059 2035 mea
1082 1973 1185 2039 lubens

147 2112 149 2117 -
192 2071 336 2133 damnabo
400 2072 479 2149 Quid
495 2082 590 2132 autem
610 2062 642 2129 lit
662 2064 872 2151 Anorisplmros,
895 2072 1024 2148 ignorare
1042 2092 1088 2134 me
1100 2073 1187 2150 plane

190 2170 293 2231 fateor.
326 2172 446 2232 curun.
512 2167 716 2229 Divellendnm
739 2168 778 2227 est
796 2166 870 2228 illud
902 2168 977 2229 male
997 2173 1184 2244 conjunctum

189 2250 402 2350 Anarispr'lords,
421 2280 470 2330 aut
490 2261 691 2348 Anapofirlior,
720 2266 762 2327 uti
782 2264 936 2327 Boceacius
952 2265 1046 2343 legilic
1061 2268 1184 2357 viderur,

189 2369 237 2433 vel
252 2370 298 2432 uti
324 2370 355 2429 in
373 2368 473 2429 codice
499 2366 562 2429 MS.
595 2364 719 2443 legitur,
752 2358 951 2443 Anatosfalor,
980 2364 1057 2425 unde
1080 2364 1186 2447 effingo

191 2470 307 2551 Anapos
322 2465 456 2548 palaior,
479 2464 517 2527 lrc
537 2478 569 2526 ut
592 2462 687 2525 sensus
713 2462 747 2523 fit
766 2460 908 2539 appellari
936 2466 1067 2541 Anapum
1094 2466 1184 2528 modo

188 2568 283 2624 aaran,
308 2565 397 2625 modo
409 2567 522 2637 namin,
539 2578 705 2641 partemque
724 2561 895 2623 inferiorem·
905 2563 996 2623 mvi„
1010 2562 1184 2643 superiorem

187 2666 297 2719 ranam
319 2662 395 2736 dici,
412 2661 453 2723 uti
471 2660 537 2723 alias
556 2661 635 2723 fluvii
653 2662 756 2717 naamis
776 2674 1001 2739 nuncupantur,
1038 2666 1115 2741 quod
1135 2666 1185 2727 vel

188 2781 224 2841 en
243 2763 352 2825 Rheno
369 2762 444 2824 hanc
460 2760 561 2823 urbem
574 2760 719 2833 alluente,
742 2759 829 2837 vulgo
842 2761 891 2819 den
905 2758 1080 2838 oudeanrijn
1094 2763 1183 2837 ditio,

186 2860 297 2925 discere
315 2859 469 2939 poliemus.
513 2855 757 2935 Palaescamander
775 2872 1020 2922 commemoratur
1039 2862 1067 2921 dc
1092 2859 1190 2923 Plinio,

187 2958 237 3021 lib.
255 2958 292 3023 V.
304 2978 330 3019 c.
346 2978 391 3035 30.
406 2957 483 3035 Lego
500 2958 596 3035 itaque
608 2971 700 3019 toturn
713 2957 863 3019 articulum
873 2958 1025 3023 libiarum
1036 2960 1074 3019 dc
1087 2961 1184 3023 dneco

184 3060 251 3135 ita,
277 3058 389 3117 Anceus
408 3055 520 3117 Siciliae
542 3101 549 3117 .
573 3098 582 3117 .
603 3103 613 3119 .
635 3055 839 3137 appellaturque
856 3058 982 3136 Anapos,
1004 3056 1031 3115 d·
1040 3059 1099 3137 post
1106 3059 1188 3119 Ana.
1288 3052 1292 3066 ¹

180 3180 235 3241 pos
254 3161 333 3219 naaria
348 3199 359 3227 ,
374 3150 495 3237 fiaperior
513 3154 626 3237 Anapos
645 3153 759 3217 remacle.
824 3153 885 3225 Nilr
899 3154 974 3216 forte
993 3154 1024 3213 in
1044 3172 1116 3215 voce
1132 3152 1183 3229 su·

179 3258 276 3341 perior
290 3255 347 3319 hoc
364 3255 467 3330 lateat,
489 3253 570 3332 supra
584 3254 687 3318 facum
704 3250 760 3313 elie
778 3250 863 3327 hujus
875 3252 956 3314 iinvii
977 3252 1154 3315 mentionem
1168 3296 1183 3325 ,

184 3376 256 3419 nam
273 3356 311 3417 ita
325 3355 357 3415 in
369 3353 507 3417 Boccacio
525 3351 625 3431 legitur
636 3350 776 3432 ,Anapis
795 3349 908 3423 Siciliae
916 3351 1023 3427 fluuius
1038 3352 1072 3431 est
1086 3350 1197 3413 leniret.

176 3454 283 3532 fluens.
327 3453 407 3513 Hunc
425 3450 535 3533 quidam
554 3445 737 3532 Anapafolr'os
759 3467 867 3512 vocant.
933 3449 970 3511 Et
990 3450 1197 3527 ‹reim-nova

184 3550 295 3624 ululo,
317 3553 426 3611 Anecus
445 3547 560 3611 Siciliae
573 3549 731 3629 fluviusesl
752 3594 761 3611 .
784 3595 793 3613 .
818 3594 827 3609 .
860 3540 1012 3615 REI-tuln
1095 3552 1179 3628 Quae

184 3647 407 3727 elegantiffrmus
438 3649 574 3711 Claudius
607 3662 688 3709 notat
717 3648 753 3709 de
776 3650 885 3736 Anapos
906 3646 1020 3721 fanos,
1040 3669 1112 3719 ,non
1139 3666 1186 3707 re-

184 3748 302 3825 probo,
325 3742 374 3811 diu
391 3762 486 3811 tamen
503 3748 580 3827 apud
592 3746 788 3809 Ravennatem
806 3748 991 3825 Anonymum
1003 3764 1054 3823 pro
1074 3747 1200 3825 Anopo·;

180 3840 274 3922 fizlios
285 3847 357 3908 mihi
379 3848 485 3925 placuit
500 3850 611 3930 Atropos¹
624 3845 702 3906 ανὶοε
716 3844 761 3907 vel
772 3846 863 3931 auus.
904 3844 991 3913 Aldus
1008 3844 1065 3916 ibi,
1089 3857 1121 3903 ut
1134 3858 1183 3901 ve·

184 3964 252 4006 rum
266 3945 374 4020 fatear,
396 3944 553 4021 flaccescit,
575 3945 657 4005 avius
672 3942 719 4006 vel
734 3943 812 4005 avios
831 3942 944 4021 elegant
960 3940 1000 4001 est
1018 3943 1045 4003 dc
1065 3937 1175 4016 epithe-

185 4055 251 4113 tum
272 4045 421 4122 continet,
452 4044 530 4123 quod
553 4044 671 4123 pulchre
694 4042 829 4121 exprimit
859 4039 901 4101 vl»
930 4040 1022 4117 Anapi
1050 4037 1178 4114 {luvam

186 4134 300 4205 abditos
317 4162 419 4221 nempe
438 4144 517 4205 fluvii
540 4140 597 4205 sele
613 4140 782 4203 occultantis
798 4136 936 4211 recelius,
957 4135 1105 4213 inquibus
1133 4152 1197 4226 re·v

186 4240 380 4321 vera'aliquid
401 4240 543 4322 peculiare
564 4246 591 4305 dc
611 4254 771 4308 memoratu
789 4238 917 4319 dignum.
947 4232 954 4244 ’
976 4236 1055 4321 llaec
1081 4240 1197 4334 autem'
