3225 5017
455 483 534 582 146
698 493 881 554 nonna
938 493 1255 556 vernonum

453 657 595 742 quem-ad
615 654 713 718 losum
729 651 939 730 comparandus
958 651 1090 716 Lucanus
1110 651 1142 718 1.
1168 653 1232 716 ΠΙ.’
1255 674 1283 714 v.
1311 644 1376 730 aoy.
1400 654 1432 716 de

452 755 566 836 Marsya
578 752 727 833 latyro‚in
746 752 950 830 cognominem
968 751 1089 816 fluvium
1105 751 1432 829 commansionem

452 855 486 921 L.
506 856 549 922 X.
564 873 610 932 ep.
632 861 681 914 62.
708 871 736 913 v.
755 871 784 927 9.
1426 846 1429 854 '

618 951 684 1030 Qua
707 947 853 1031 vapulavit
874 941 1007 1030 Marsyas
1036 947 1208 1012 Celaenaeus.

451 1052 612 1118 Munkerus
632 1067 747 1128 quoque
768 1049 804 1110 ad
827 1048 952 1110 Laciant.
981 1067 1057 1114 narr.
1090 1047 1177 1110 fabul.
1206 1048 1237 1110 L.
1256 1046 1305 1112 Vl.
1338 1045 1391 1108 fab.
1410 1068 1433 1122 ς.

450 1149 519 1230 legit
532 1147 714 1208 Celaenarum.
753 1161 890 1208 iiEssEL.
954 1145 1031 1226 Lege
1050 1146 1231 1212 Celaenarum.
1254 1147 1389 1210 videndus
1404 1145 1435 1206 ad

451 1250 482 1312 h.
499 1247 519 1312 l.
543 1247 639 1310 Livius
658 1245 691 1308 L.
711 1243 885 1310 xxxviii.
910 1263 935 1306 c.
963 1262 1009 1324 ¹3·
1043 1241 1139 1326 Hujus
1158 1247 1244 1306 amnis
1267 1245 1347 1324 (ini.
1366 1240 1436 1308 Mae·
1462 1241 1465 1250 '

450 1348 556 1422 andri)
575 1341 664 1420 {onies
683 1341 805 1402 Celaenis
824 1341 954 1403 oriuntur.
998 1341 1127 1402 Celaenae
1142 1345 1206 1404 urbs
1222 1361 1303 1428 capue
1316 1343 1435 1426 quondam

451 1446 590 1528 Phrygiae
602 1439 685 1521 suis:
704 1441 847 1524 migratum
874 1441 936 1500 inde
954 1441 1031 1499 haud
1046 1441 1146 1521 procul
1165 1444 1296 1504 ueteribus
1317 1441 1436 1516 Celaenis,

449 1564 584 1623 novaeque
605 1539 665 1600 urbi
683 1540 822 1619 Apameae
843 1559 935 1598 nomen
965 1538 1079 1598 inditum
1098 1540 1134 1597 ab
1152 1541 1278 1622 Apamea
1295 1534 1381 1616 firrore
1396 1540 1436 1598 Se·

450 1641 523 1701 leuci
544 1639 623 1722 regis.
640 1624 645 1632 .
665 1638 705 1696 Ee
720 1631 855 1717 Marsyas
870 1637 958 1696 amnis
973 1638 1050 1696 iaus
1057 1636 1157 1718 procul
1182 1661 1201 1698 a
1219 1639 1364 1699 Maeandri
1383 1633 1436 1715 son·

451 1742 524 1801 ribus
539 1739 626 1799 oriens
640 1737 668 1796 in
683 1737 864 1796 Maeandrum
883 1736 974 1794 cadis:
996 1731 1128 1816 firmaque
1150 1735 1192 1796 ira
1212 1754 1305 1812 tener,
1329 1733 1437 1796 Celaenis

451 1833 603 1920 Marsyam
623 1857 682 1894 eum
702 1832 831 1916 Apolline
848 1833 974 1894 siliarum
1005 1850 1087 1894 eanru
1106 1827 1222 1910 cereaffe.
1257 1834 1337 1897 Idem
1354 1831 1436 1894 scribit

450 1937 552 2001 Strabo
574 1933 689 1998 ixii.
706 1952 735 2010 p.
756 1950 823 2009 sii·
851 1942 917 2008 578.
959 1947 1111 1994 nnonov.
1216 1933 1299 1995 Adde
1328 1932 1438 1995 Plinium

450 2035 486 2100 L.
503 2035 539 2096 V.
562 2054 588 2096 c.
609 2049 658 2108 29.
684 2030 850 2104 Herodotus
868 2029 899 2092 L.
917 2030 980 2092 vii.
1001 2050 1026 2092 c.
1048 2039 1096 2093 26.
1115 2029 1246 2094 Celaenis
1268 2034 1299 2094 in
1320 2029 1439 2094 lorolus-

450 2131 568 2214 pensam
591 2130 682 2192 videri
699 2127 829 2208 Marsyae
845 2127 951 2206 pellem
974 2127 1085 2204 scribit,
1109 2130 1261 2204 formatam
1282 2134 1314 2194 in
1338 2145 1437 2203 utrem,

452 2235 537 2294 &ex
555 2248 591 2290 eo
612 2227 674 2306 ipso
686 2226 751 2289 soro
772 2226 893 2288 fluvium
913 2228 980 2288 oriri
1001 2228 1101 2299 addit,
1130 2231 1180 2306 qui
1210 2231 1240 2291 in
1260 2231 1438 2294 Maeandrum

449 2331 558 2392 incidat
574 2331 601 2389 ἃ
616 2326 783 2408 Caeamades
801 2326 925 2396 dicatur.
969 2325 1070 2407 Itaque
1086 2327 1134 2388 hic
1158 2327 1236 2389 aliud
1258 2348 1363 2390 nomen
1378 2323 1440 2404 ejus·

449 2431 519 2492 dem
538 2424 667 2503 Marsyae
685 2410 798 2497 amnis,
823 2443 909 2501 quem
928 2423 1015 2484 hodie
1029 2424 1158 2485 Jarnuei
1180 2425 1291 2488 salutati
1313 2427 1437 2488 referunt.

400 2589 404 2604 ,
449 2525 596 2591 Maximus
612 2522 716 2600 Tyrius
736 2519 864 2584 oculatus
896 2523 970 2584 testis
999 2541 1034 2583 ex
1063 2523 1166 2583 eodem
1187 2523 1272 2586 fonte
1298 2537 1439 2600 utrumque

417 2625 570 2700 *fluvium
585 2620 728 2700 Marsyam
747 2621 976 2685 &Maeandrum
991 2623 1057 2682 oriri
1076 2621 1201 2682 testatur.
1215 2621 1276 2684 diss.
1291 2623 1368 2686 vili.
1381 2641 1403 2682 c.
1413 2630 1437 2688 8·
1500 2679 1501 2684 ,

449 2723 617 2791 Plutarchus
637 2721 674 2782 de
692 2720 786 2782 fluviis
807 2717 895 2782 alium
924 2733 1064 2780 memorat
1087 2717 1249 2798 Marsyam,
1281 2723 1329 2800 qui
1355 2717 1441 2780 Midae
1500 2705 1501 2765 i

441 2823 510 2906 fons
534 2825 636 2884 dimus.
668 2819 766 2880 Alium
782 2818 889 2879 Plinius
907 2818 938 2884 i..
952 2818 985 2878 V.
1005 2838 1028 2879 c¹
1051 2835 1099 2891 24.
1125 2837 1142 2878 a
1170 2819 1341 2894 Samosatis,
1364 2818 1440 2878 latere

448 2924 564 3001 Syriae,
585 2918 704 2979 influere
725 2917 755 2977 in
778 2916 918 2994 oppidum
940 2917 1056 2995 Singara
1087 2931 1237 2979 memorat.
1283 2919 1330 2981 isti
1364 2913 1441 2978 hodie
1499 2995 1500 3000 γ

449 3020 551 3102 Ciregas
571 3035 688 3078 nomen.
724 3013 887 3076 Ptolemaeo
903 3034 1017 3094 quoque
1041 3016 1071 3077 L.
1092 3014 1179 3102 Μ.
1201 3035 1250 3091 ¹5·
1276 3015 1374 3087 siren
1394 3013 1435 3073 iu.
1499 3001 1500 3035 l

449 3135 519 3180 men
535 3114 586 3181 est.
620 3113 668 3177 Est
687 3112 858 3192 &Marsyas
878 3116 954 3192 regio
980 3112 1158 3193 Coelesyriae
1186 3117 1264 3194 apud
1282 3115 1441 3180 Strabonem

448 3215 483 3281 L.
502 3213 585 3283 xri
604 3234 634 3294 p.
650 3233 721 3295 iii·
742 3212 782 3279 cf.
805 3211 939 3276 Orteiius.
977 3213 1014 3275 Ο.

873 3375 1007 3464 Melas
1110 3413 1122 3418 ·

492 3576 667 3660 Epidaurum)
690 3577 818 3651 Vereor,
831 3594 867 3636 ne
882 3573 981 3636 Vibius
1000 3574 1154 3651 itemhic,
1170 3577 1213 3638 uti
1233 3575 1318 3654 supra
1340 3569 1442 3652 inApi·

448 3679 536 3737 daruos
561 3691 646 3753 atque
660 3668 768 3756 Afirpos
784 3674 915 3750 infraque
940 3675 971 3733 in
998 3673 1120 3734 Phoenix
1144 3693 1246 3752 parum
1275 3672 1442 3736 considerare

449 3773 561 3838 secutus
579 3773 635 3834 elie
655 3774 785 3834 videatur
799 3772 948 3834 Lucanum
968 3771 1001 3838 L.
1018 3769 1067 3833 VI.
1086 3769 1156 3834 vers.
1177 3789 1222 3851 35.

573 3873 614 3932 Es
631 3866 750 3952 quisquis
769 3869 868 3953 pelago
881 3890 932 3952 per
950 3865 981 3946 se
1001 3891 1052 3930 non
1070 3870 1193 3951 cognitus
1214 3870 1305 3930 arenis
1346 3859 1347 3862 ¹

510 4032 514 4036 Α
575 3969 663 4032 Peneo
683 3969 796 4030 donaris
818 3989 914 4048 aquas.
959 3969 988 4029 Is
1007 3967 1111 4051 gurgite
1138 3985 1216 4049 rapto

573 4067 715 4149 Apidanos
722 4087 952 4148 ,nunquamque
967 4066 1055 4144 celer,
1084 4066 1134 4146 nest
1152 4067 1266 4147 nu'ylus,
1297 4066 1423 4150 Enipeus.

551 4247 555 4250 ἢ
576 4166 687 4249 Accipit
706 4160 813 4248 Astapus
833 4167 926 4240 curlus
947 4164 1119 4250 Phoenixque
1141 4160 1299 4246 Melasque.
