3225 5017
474 497 552 560 ro
611 487 838 559 nourrs·
1076 491 1156 596 369
1263 424 1272 451 ὃ

151 661 319 725 decoratam
342 657 459 721 exhibet
475 658 639 721 Gronovius
661 659 762 737 dntiq
775 659 874 719 Graec.
897 658 932 720 T.
951 658 1012 722 VII.
1033 659 1157 727 uestitu:

150 776 215 824 tam
232 759 410 839 Magnesiam
436 758 573 836 deinceps
596 757 742 831 floruille,
766 758 879 819 nummi
897 753 957 832 ejus
979 754 1157 844 loquuntur,

151 880 280 938 quorum
303 858 386 919 series
409 856 569 936 aCnligula
583 856 619 918 ad
634 854 796 918 Gallienum
819 853 906 932 usque
926 859 1074 933 procedit3
1104 879 1158 920 no·

153 973 253 1021 tantur
270 972 366 1020 autem
383 957 441 1018 sic:
463 967 655 1016 Mamurram
679 965 822 1012 arnrnor
858 952 999 1030 adscripto
1022 955 1161 1022 Praetoris

153 1058 285 1119 nomine.
310 1077 339 1119 v.
363 1053 506 1117 Vaillantii
529 1053 598 1114 NN.
626 1051 721 1129 lmpp.
737 1052 825 1129 hugg.
845 1055 873 1113 dt
895 1051 982 1112 Caeff.
1007 1054 1159 1131 apopulie

155 1155 268 1218 Graece
291 1153 477 1232 loquentibus
498 1148 635 1230 perculsa.
656 1149 707 1210 fol.
725 1140 811 1210 anit
841 1169 931 1228 1700.
960 1151 1003 1214 Ad
1029 1167 1159 1215 montem

157 1252 253 1331 ipsum
287 1253 366 1330 quod
399 1254 501 1314 attinet
522 1247 670 1328 Sipylum,
704 1247 778 1308 male
804 1249 840 1309 ad
867 1249 1057 1312 Maeandrum
1088 1251 1163 1313 loca·

157 1366 206 1414 tur
228 1349 264 1411 ab
277 1350 413 1425 Ortelio;
436 1347 525 1428 Hyllo
537 1349 614 1408 enim
636 1347 724 1408 fluvio
744 1347 885 1425 rigabatur
902 1349 1067 1427 Magnesia,
1088 1369 1161 1428 quae

157 1447 306 1526 hodieque
331 1445 439 1526 pristini
470 1448 593 1508 nominis
617 1465 728 1518 memor
755 1462 874 1510 vocatur
900 1442 1044 1530 Magnisa.
1078 1450 1160 1530 Sipy.

156 1547 224 1608 lum
245 1548 321 1607 redte
347 1547 474 1609 vindicat
494 1545 601 1623 Lydiae
620 1545 736 1619 noste'r3
760 1546 897 1625 Phrygiae
916 1551 964 1624 qui
982 1548 1158 1626 adscribunt,

158 1642 258 1723 paullo
280 1643 364 1707 latius
384 1644 551 1722 loquuntur.
576 1643 736 1703 ceraunium
755 1645 834 1722 prius
859 1648 989 1722 dicium,
1024 1651 1051 1710 dr
1076 1669 1092 1710 a
1121 1650 1163 1712 Si.

158 1743 231 1822 pylo
251 1741 388 1822 Agenoris
408 1745 436 1805 dr
459 1742 619 1820 Dioxippae
636 1741 717 1815 filio,
740 1747 787 1820 qui
805 1745 835 1804 in
858 1745 909 1805 isto
925 1745 974 1806 fibi
992 1745 1051 1825 ipse
1065 1747 1163 1814 fauces

158 1842 232 1904 fune
255 1843 386 1920 fregerit,
410 1841 532 1904 alterum
560 1841 590 1901 id
610 1859 719 1902 nomen
747 1841 908 1920 accepille,
936 1841 1103 1907 Plutarchus
1131 1839 1163 1910 in

162 1940 327 2002 maeandro
349 1941 443 2002 docet
460 1940 637 2022 Phlegraeum
654 1959 776 2020 campum
791 1961 907 2020 quoque
923 1942 1032 2005 ditium
1050 1945 1085 2007 ab
1103 1947 1166 2017 rlri·¹

161 2037 283 2114 stotele,
310 2039 396 2101 refert
410 2038 545 2102 Ortelius.
569 2056 737 2116 perperam,
758 2039 777 2099 sr
796 2041 866 2118 quid
884 2041 977 2104 video.
1003 2042 1065 2105 Pars
1079 2045 1165 2124 Phry.

162 2141 228 2219 grae
254 2139 371 2217 quidem
403 2135 613 2209 auaeaaaplma
648 2156 756 2198 nomen
792 2130 858 2200 tulit
887 2137 974 2214 olim3
1013 2139 1061 2201 sed
1088 2141 1166 2220 apud

162 2223 324 2303 Stagiritanr
360 2220 504 2300 Phlegraei
535 2219 707 2297 Campaniae
739 2224 832 2300 campi
871 2221 1052 2302 intelligendi
1087 2224 1163 2291 lunt.

161 2320 209 2384 En
228 2321 343 2384 locum:
367 2319 453 2378 τοιῗτον
479 2318 529 2396 peip
547 2323 587 2375 rie
604 2314 708 2396 syleae,
738 2320 867 2395 yereplreu
892 2322 1014 2395 araauar'a’,
1048 2321 1082 2381 rel
1112 2337 1169 2402 περὶ

162 2417 278 2481 medua
303 2413 468 2496 αἰνιτμῖπηιῂ
492 2420 521 2472 τὶ
543 2413 681 2491 κιλέμειον
699 2417 838 2494 Φλεγραῖον
862 2418 962 2479 aella„
994 2427 1019 2495 ug)
1044 2423 1079 2480 rai
1111 2430 1165 2500 arry>

162 2519 208 2584 vla
235 2517 369 2588 muratel»
389 2516 472 2592 galae
489 2519 543 2578 dec.
567 2517 663 2579 Hodie
684 2516 818 2596 Sipylea,
842 2519 935 2602 Sipuli
950 2523 1028 2604 Dag.
1054 2521 1165 2586 Fuit&

165 2617 281 2699 Sipylus
297 2638 380 2680 mons
397 2614 604 2693 Peloponnesi,
622 2615 641 2675 sr
658 2617 754 2678 audias
766 2618 933 2694 Ortelium;
955 2619 1023 2695 sad,
1040 2621 1166 2702 inspecto

166 2720 326 2796 Pausania,
348 2717 451 2780 falsum
471 2712 528 2776 else
542 2711 725 2778 clarillrmum
747 2717 841 2780 virum
871 2718 969 2786 didici.
1013 2718 1051 2784 0.
1158 2751 1163 2760 ·

327 3015 333 3027 ,
462 2933 473 2974 -·
568 2906 756 3009 Stesrarus

211 3138 283 3202 Non
300 3133 435 3213 equidem
456 3144 587 3194 montem
605 3134 724 3194 nomine
745 3131 899 3196 Stelrarum
917 3129 1046 3198 memini.
1078 3137 1171 3216 Quid·
1205 3207 1208 3213 ,

169 3238 202 3300 ni
219 3231 271 3298 sub
296 3235 354 3295 hoc
374 3231 460 3293 lateat
484 3231 619 3312 Stymplra
636 3251 743 3306 mons,
764 3232 802 3292 de
824 3252 881 3309 quo
916 3233 1107 3308 consulendus
1131 3241 1172 3302 est

171 3334 311 3400 Cellarius
324 3332 427 3408 Geogt.
443 3344 501 3392 ant
520 3330 549 3392 L.
562 3329 602 3393 ΙΙ.
619 3349 708 3406 c.13.
723 3343 862 3392 nassau.
928 3331 997 3400 Non
1007 3333 1102 3410 video,
1113 3357 1171 3415 quo

169 3433 303 3500 Boccacii
322 3428 457 3508 exemplo
476 3427 541 3492 usus
561 3428 595 3490 lit
618 3426 768 3503 ortelius,
809 3429 858 3504 qui
880 3430 957 3508 apud
977 3431 1060 3494 istum
1077 3435 1175 3516 Stefia.

171 3555 223 3594 ures
242 3531 300 3610 legi
315 3527 418 3590 scribit.
443 3527 585 3605 Equidem
600 3529 630 3587 in
651 3526 861 3604 antiquillimo,
881 3527 1032 3608 Rhegienli
1049 3532 1181 3612 scilicet.

170 3625 308 3704 a'rassr.
329 3625 452 3696 excuso,
474 3627 545 3688 haec
567 3624 779 3703 deprehendox
802 3625 942 3706 Steffearus
957 3651 1031 3691 mons
1051 3635 1086 3713 est
1104 3635 1188 3692 Mm-
1307 3676 1319 3695 ,,

169 3726 304 3808 loffirmm.
329 3726 408 3804 Quid
427 3726 464 3786 de
479 3726 643 3800 coniectura
663 3722 778 3787 Hellelii
805 3725 921 3802 dicam,
950 3748 1011 3788 non
1039 3726 1080 3788 sat
1103 3728 1173 3798 scio.

172 3829 260 3908 Apud
285 3827 457 3888 Boccacium
478 3824 602 3902 sequitur
621 3823 707 3907 verba
731 3843 800 3886 ntor
819 3823 934 3887 laudata
955 3823 1089 3886 articulus
1106 3825 1174 3893 illex

173 3924 358 4010 Stymphalon
380 3944 455 3983 mous
475 3923 509 4005 ιβ
527 3922 668 3982 Arcadiae
686 3960 701 3995 ‚.
721 3955 733 3968 ·
752 3949 765 3962 ·
787 3937 819 3986 ut
836 3923 873 3984 sio
897 3921 982 3984 facile
1007 3923 1198 3999 praecedere*

175 4025 324 4106 potueritt
348 4023 480 4104 Stymplra
492 4043 567 4082 mans
588 4016 823 4102 eJlMolaffirrum.
848 4021 955 4082 Verum
971 4038 1025 4082 nec
1042 4017 1097 4080 tale
1107 4021 1178 4098 quid

173 4131 206 4195 iu
224 4125 338 4206 scriptis
350 4122 429 4188 libris
449 4123 554 4202 reperit
570 4119 743 4194 Boccacius,
765 4137 819 4181 nec
835 4117 1023 4192 ullo-modo,
1042 4137 1115 4196 quos
1124 4139 1178 4184 no-

681 4243 736 4303 ha
