3225 5017
422 446 507 541 244
650 438 846 503 NOTAAE
903 442 1210 509 VARIORUM

427 605 605 690 Argentorati
636 601 773 679 superiori
796 620 873 663 anno
890 602 980 665 editas
998 623 1061 683 pag.
1080 615 1144 684 167.
1177 609 1220 672 Ita
1237 611 1281 672 vir
1301 608 1420 683 domur:

429 712 510 771 Nous
531 726 617 765 avons
634 701 674 760 les
688 720 804 781 preuves
824 699 866 759 les
884 701 952 783 plus
973 704 1200 780 convar'neuntes,
1240 730 1290 791 que
1316 712 1343 770 le
1362 714 1423 797 laga

429 807 567 867 d'Aoemo
585 798 647 879 n'ess
662 819 710 881 que
725 797 751 857 le
765 796 846 875 baffin
867 798 931 859 d'un
950 802 1044 861 ancien
1063 804 1163 866 crare're
1170 829 1185 879 ‚·
1206 807 1247 867 les
1259 829 1422 894 niumagun,-

428 906 475 989 qui
495 900 703 966 l'environnent‚
720 891 783 971 finnt
798 914 886 955 soreres
902 897 1090 978 volcaniques:
1116 924 1150 962 on
1169 921 1262 966 trouve
1282 908 1330 966 des
1349 904 1424 983 fitur.
1508 896 1510 969 J

428 1025 473 1063 ces
492 999 609 1061 claudes
633 998 703 1055 dans
722 993 752 1055 lu
779 1012 866 1076 grone
892 997 925 1053 de
950 997 981 1054 la
1002 999 1131 1079 Sibylle,
1162 1004 1208 1083 qui
1228 1006 1263 1085 est
1275 1007 1362 1083 fitue'e
1376 1003 1426 1081 sur

428 1100 469 1162 les
487 1098 566 1159 bords
579 1094 619 1155 les
628 1094 696 1177 plus
711 1092 849 1152 te'ne'breux
863 1095 895 1151 de
913 1114 943 1152 ce
964 1094 1011 1154 lac
1027 1097 1137 1179 suu'stre.
1185 1101 1286 1183 Virgile
1305 1102 1423 1163 blau.

426 1218 480 1260 tres
504 1190 614 1289 miliens
639 1192 771 1252 e'crioar'ns
796 1186 928 1266 affluent,
949 1214 998 1273 que
1019 1194 1061 1255 les
1082 1191 1215 1274 oiseaux‚
1237 1201 1283 1279 qui
1308 1200 1425 1263 uoloient

425 1320 463 1359 uu
479 1290 565 1373 deffus
575 1336 587 1365 ,
606 1286 763 1375 pe'rilloient.
808 1292 880 1349 Sans
900 1293 1003 1369 doure,
1038 1314 1088 1374 que
1107 1297 1176 1354 dans
1197 1318 1226 1355 ce
1246 1316 1353 1380 temps,
1380 1301 1426 1381 qui

426 1399 490 1459 eruit
515 1394 582 1477 plau
611 1389 753 1473 rapproelre'
780 1390 813 1447 de
841 1386 910 1447 celui
937 1391 969 1447 de
990 1388 1150 1473 l'e'ruprr'on,
1180 1393 1222 1452 les
1238 1393 1427 1472 fexialar'firnr

425 1496 520 1556 eroient
538 1510 626 1552 encore
638 1490 704 1571 plus
726 1486 865 1567 nuifibles,
884 1486 994 1567 qu’elles
1013 1511 1045 1548 ne
1060 1490 1087 1548 le
1094 1485 1158 1565 fiunt
1179 1490 1364 1573 aujourd'lerer'.
1395 1495 1423 1555 11

419 1591 505 1676 fieret,
520 1588 628 1672 qu'elles
644 1587 668 1647 le
678 1583 766 1662 soient
787 1606 900 1645 encore:
924 1608 974 1645 ear
988 1586 1016 1645 d'
1016 1590 1094 1669 apris
1109 1585 1298 1664 l'obserontion
1314 1596 1348 1652 de
1359 1594 1421 1657 Mn.

426 1690 568 1757 Hamllton
585 1687 626 1746 les
648 1685 728 1759 locs,
755 1684 801 1765 qui
809 1679 873 1759 fiunt
889 1704 947 1743 aux
964 1685 1086 1745 environs
1112 1689 1144 1746 de
1174 1688 1244 1747 celui
1264 1689 1425 1763 d'Aoerno,

422 1786 486 1865 fhnt
509 1785 629 1868 roujours
647 1781 756 1862 strumis
786 1778 927 1856 d'oiseuux
956 1784 1116 1865 uquariques
1149 1809 1180 1847 en
1201 1789 1294 1863 hicet,
1331 1793 1425 1851 randis

428 1887 506 1970 qu'on
524 1886 583 1947 n’en
599 1884 657 1945 voit
670 1877 783 1964 presque
792 1882 873 1963 point
884 1877 935 1957 fier
947 1880 973 1939 le
984 1881 1030 1941 lae
1051 1882 1197 1947 d’slverno,
1219 1887 1325 1963 Adjicit
1337 1890 1422 1964 dein,

424 1988 504 2049 lacus
524 1984 600 2045 istius
616 1981 706 2044 undas
727 1980 796 2041 olim
824 1981 855 2039 in
880 1999 957 2040 mare
981 1980 1107 2043 habuiiie
1131 1985 1262 2056 exitum,
1294 1988 1423 2065 praeclu-

425 2084 488 2147 sum
508 2101 543 2143 err
562 2100 618 2159 quo
639 2078 743 2141 crebris
763 2078 981 2141 terraemotibus
1000 2081 1149 2143 concuffus
1165 2098 1242 2146 totus
1260 2087 1284 2146 is
1303 2091 1419 2150 tractus.

427 2180 560 2245 Tandem
576 2198 601 2239 a.
619 2188 704 2254 1538.
717 2194 752 2237 ex
764 2178 916 2255 repentino
929 2180 942 2253 (
956 2178 1051 2240 verbis
1068 2182 1266 2244 utorCluverii
1282 2204 1320 2245 err
1335 2185 1356 2247 l.
1369 2188 1420 2264 c.)

424 2278 615 2356 altillrmoque
638 2277 736 2345 hiatu,
758 2277 854 2355 ignem
877 2291 1049 2352 evomente,
1075 2290 1153 2340 tanta
1175 2283 1305 2344 cinerum
1327 2285 1421 2362 pumi-

424 2378 507 2441 cibus
531 2377 735 2453 permixtorum
756 2376 799 2435 vis
815 2377 939 2435 eructata
959 2376 1017 2451 est,
1034 2390 1066 2438 ut
1085 2378 1242 2441 indemens
1263 2401 1353 2442 nouus
1373 2382 1420 2444 vel

425 2477 543 2536 cinereus
568 2474 737 2552 exsurgeret.
783 2474 881 2535 Latine
897 2478 1000 2536 reiiius
1024 2476 1090 2537 fere*
1106 2479 1163 2541 dici
1193 2482 1297 2542 Averni
1324 2482 1420 2546 lacurn

426 2595 512 2655 quam
535 2575 681 2636 Avernum
701 2572 824 2633 ostendit
841 2571 999 2635 Cluverius.
1044 2575 1082 2637 Ο.

817 2739 1011 2824 Acheron
1355 2704 1380 2753 ⁰

461 2939 506 3004 De
515 2938 675 3025 Acheronte
689 2956 775 3001 amne
785 2939 862 3015 apud
881 2933 1086 3027 Mariandynus
1104 2936 1156 2999 litu
1170 2935 1254 3015 supra
1269 2940 1310 3000 est
1322 2945 1418 3005 auum

421 3060 487 3122 pag.
505 3062 553 3119 5¹·
580 3040 608 3102 Is
624 3058 660 3103 ex
674 3038 825 3101 Acherusia
848 3038 952 3117 palude
976 3037 1022 3099 vel
1050 3036 1136 3115 specu
1158 3038 1326 3100 credebatur
1352 3062 1417 3117 pro.

420 3143 529 3211 fluere,
550 3158 701 3219 perquem
724 3156 766 3199 err
780 3138 877 3199 inferis
898 3139 1072 3215 protractum
1097 3135 1253 3198 Cerberum
1277 3138 1418 3202 ferebant.

418 3240 612 3301 Acherontem
631 3238 750 3301 fluvium
769 3257 836 3299 cum
856 3237 1004 3300 heherusra
1027 3234 1132 3315 palude
1146 3234 1246 3298 habuit
1270 3238 1415 3317 &Epirus

419 3336 489 3397 telle
508 3334 640 3399 Pausania
655 3338 685 3397 in
705 3339 803 3401 Atticis
828 3340 962 3415 c.17.&
989 3335 1162 3414 Thucydide
1197 3334 1228 3397 L.
1251 3335 1273 3397 l.
1307 3357 1334 3399 c.
1367 3347 1416 3413 46.

350 3505 355 3519 x
418 3432 516 3497 Livius
530 3452 597 3497 eum
615 3435 647 3498 1..
671 3434 750 3499 Vlll.
770 3457 794 3497 c.
814 3454 860 3507 24·
886 3456 922 3496 ex
950 3433 1104 3499 illulullrde
1125 3434 1262 3496 fluentem
1277 3436 1309 3495 in
1322 3436 1414 3516 stagna

423 3534 534 3598 inferna
547 3533 676 3610 accipere
698 3532 899 3611 Thesprotium
923 3534 1013 3596 finum
1029 3547 1151 3595 narrat·
1177 3534 1262 3595 Porro
1282 3538 1311 3596 de
1325 3537 1415 3597 Ache.

419 3654 472 3695 ron
487 3632 535 3695 vel
551 3631 698 3695 Acherusia
714 3652 786 3709 aqua
803 3635 834 3693 in
851 3633 966 3694 Bruttiis
986 3635 1100 3708 extitit,
1116 3632 1240 3710 Epirenfi
1251 3633 1413 3697 Alexandro

418 3730 686 3797 metientium
710 3728 729 3791 l.
747 3750 772 3791 c,
794 3730 867 3792 Heic
886 3752 949 3793 eam
968 3731 1052 3793 Vibio
1081 3730 1200 3809 intelligi
1229 3731 1411 3795 Acheruham

418 3830 552 3913 paludem
574 3829 724 3891 arbitratur
743 3826 896 3905 Claudius,
923 3848 1007 3909 quam
1034 3830 1133 3893 Cumis
1162 3832 1285 3892 vicinam
1307 3830 1411 3895 Plinius

417 3930 502 3989 tradit
524 3928 554 3990 L.
574 3926 626 3989 Ill.
642 3946 666 3988 c.
686 3950 711 4002 5.
738 3947 879 4005 quamque
909 3929 952 3989 rie
972 3928 1109 3992 sardeon
1139 3922 1264 3998 trigue-t.
1294 3956 1347 3987 nra
1372 3955 1409 3987 π-

417 4024 515 4093 wrolin
529 4027 598 4089 dicit
610 4026 709 4087 Strabo
728 4026 758 4089 L.
781 4026 815 4107 ll.
830 4047 860 4105 p.
877 4046 944 4108 243.
963 4028 1061 4091 illinus
1072 4031 1148 4090 retie
1166 4029 1197 4089 iri
1209 4015 1305 4092 tabula
1316 4030 1409 4092 Theo·

415 4124 528 4188 dofiam
544 4127 618 4225 inter
634 4126 781 4190 Liternum
795 4130 823 4189 ἃ
839 4126 943 4189 Cumas
960 4131 987 4190 ἀ
1003 4140 1087 4189 ovata
1105 4117 1224 4206 quidem
1246 4126 1338 4191 forma
1364 4126 1404 4186 ta·

801 4484 887 4589 Χ
