3225 5017
453 485 538 586 3¹4
679 473 865 534 morsu
923 469 1241 536 ventosum

451 661 504 704 m
521 630 711 700 uenerabiles·
730 632 807 714 quafi
827 649 889 690 cum
908 629 1001 712 aliquo
1022 631 1126 692 nonio
1144 627 1177 708 se
1194 635 1314 716 ostentat.
1340 635 1454 718 Corycii

452 738 526 805 entri
542 733 705 812 jucunditas
733 729 812 794 aliud
835 728 922 808 longe
939 728 1124 808 gratissimum
1142 731 1172 792 in
1195 733 1363 796 memoriam
1380 736 1455 800 milri

451 851 587 906 resume,
609 831 688 910 quod
711 828 852 908 superiori
875 848 952 890 anno
970 829 1047 890 duce
1068 826 1122 890 cel.
1145 828 1265 892 Pistonio
1282 830 1456 907 massilensi,

451 938 515 1002 viro
539 935 570 994 in
595 928 762 1007 indagandis
790 941 907 990 naturae
928 927 1012 990 rebus
1038 926 1124 1006 longe
1150 927 1332 996 versariffimo
1362 932 1455 994 &so-

449 1029 615 1103 lenissimo,
636 1027 715 1090 baud
733 1025 837 1106 procul
858 1023 984 1089 Massilia
1010 1025 1101 1089 invisi.
1134 1025 1258 1088 Rolandi
1279 1045 1394 1092 antrum
1413 1031 1456 1098 lo«,

450 1151 545 1214 quor,
561 1129 599 1191 ad
618 1127 698 1206 quod
724 1145 776 1205 per
804 1124 956 1190 LXXVII.
975 1124 1193 1202 hexapodarum
1212 1125 1333 1204 spatium
1356 1127 1457 1198 ascenq

448 1232 578 1303 dendum
596 1227 645 1290 est.
677 1225 734 1290 Ubi
751 1243 802 1304 per
823 1223 973 1304 angustum
997 1223 1130 1286 foramen
1156 1225 1325 1299 intraveris,
1357 1227 1450 1290 CXV.

447 1331 614 1410 bexipodas
638 1327 725 1405 longa
761 1322 819 1386 sese
837 1321 938 1403 specus
960 1323 1068 1402 aperit,
1102 1323 1132 1384 in
1164 1343 1221 1403 qua
1242 1325 1370 1402 undique
1409 1326 1453 1386 di·

448 1427 618 1498 verfiffimae
643 1425 753 1486 formae
778 1441 901 1501 corpora
921 1441 959 1484 cx
982 1421 1183 1484 decidentibus
1205 1425 1292 1500 guttis
1306 1423 1453 1503 coagulata

448 1529 587 1594 resecem
629 1523 681 1584 l’er
699 1522 723 1584 C
738 1521 848 1599 pedum
877 1518 998 1598 spatium
1031 1539 1121 1598 quum
1149 1521 1352 1602 descenderis,
1379 1523 1453 1585 duae

448 1628 601 1694 columnae
625 1620 757 1695 adstant,
784 1637 855 1698 quas
883 1619 1024 1680 staladiico
1041 1635 1129 1698 opere
1152 1615 1250 1682 sedula
1273 1633 1374 1682 natura
1404 1640 1452 1681 cx.

445 1724 554 1794 citant
596 1721 642 1784 De
665 1735 784 1784 nemore
798 1717 921 1795 Corycio
947 1732 1060 1795 praeter
1081 1716 1211 1778 laudatos
1240 1718 1365 1780 conferri
1393 1739 1451 1782 me·

446 1841 545 1890 reumr
560 1818 674 1884 Curtius
696 1816 729 1880 L.
752 1815 805 1880 lll.
824 1835 850 1880 c.
868 1838 898 1891 4.
923 1816 1036 1884 Solinus
1057 1835 1085 1880 c.
1105 1827 1153 1892 38.
1186 1817 1310 1881 Nonnns
1342 1817 1450 1898 Diony.

447 1925 513 1992 fiac.
532 1921 564 1984 Ι.
576 1919 603 1985 Ι.
617 1939 644 1980 v.
654 1928 725 1992 258.
737 1914 930 1994 Apollodorus
949 1917 981 1976 in
996 1913 1175 1978 Bibliotheca
1194 1915 1227 1981 L,
1240 1915 1263 1978 Ι.
1276 1935 1304 1984 ο.
1323 1923 1353 1983 6.
1366 1916 1449 1980 Urbis

447 2027 599 2100 &portus
613 2015 736 2094 appoliti
753 2015 885 2083 meminit
904 2013 1011 2076 Plinius
1047 2013 1078 2076 L.
1106 2013 1139 2076 V.
1173 2034 1198 2077 c.
1222 2033 1273 2093 27·
1309 2015 1450 2096 Juxtaque

445 2142 518 2198 mare
542 2117 660 2198 Corycos
681 2113 772 2176 eodem
788 2114 890 2174 nornine
911 2115 1036 2196 oppidum
1057 2113 1197 2196 &porrus
1217 2113 1244 2175 ὡ
1262 2107 1374 2198 specus.
1404 2113 1447 2178 sd

446 2217 522 2283 istud
542 2215 670 2293 spectem
690 2212 803 2274 nummi
822 2225 1036 2288 scortatorum
1059 2213 1136 2291 apud
1155 2211 1302 2281 Golaiunr.
1327 2214 1398 2278 ltem
1415 2216 1446 2276 in
1501 2241 1502 2256 κ

445 2315 572 2382 nummis
588 2312 651 2386 sel.¹
674 2313 705 2374 in
732 2329 799 2372 aere
822 2310 942 2372 maximi
968 2310 1078 2376 moduli
1108 2331 1125 2374 e
1152 2312 1251 2376 museo
1282 2314 1383 2380 Franc.
1410 2315 1447 2375 de

445 2417 552 2492 Campe
571 2412 697 2475 occurrit
715 2409 852 2488 percusos
880 2408 931 2471 sub
958 2409 1108 2474 Valeriano
1145 2423 1365 2474 moestiorem
1388 2419 1449 2473 m

445 2514 533 2594 (nm)
557 2523 742 2583 resumito,
780 2510 830 2587 qui
851 2509 963 2588 egregie
986 2511 1013 2574 st
1036 2509 1113 2575 urbis
1138 2511 1166 2574 dr
1192 2522 1294 2588 portus
1312 2509 1446 2587 praelian-
1500 2553 1501 2576 2

444 2615 514 2680 mm
540 2606 685 2682 declarat,
710 2611 739 2672 ἃ
761 2609 799 2670 ad
826 2607 911 2672 ludos
936 2605 1120 2687 Proserpinae
1151 2606 1316 2672 &cultum
1346 2606 1444 2674 Bacchi
1500 2589 1501 2620 l

443 2735 461 2778 a
481 2711 575 2777 vicina
598 2705 693 2769 forsan
713 2706 791 2785 Nysa
809 2723 961 2784 acceptum
982 2706 1106 2788 respicit.
1151 2707 1195 2770 lid
1217 2706 1341 2768 eandem
1358 2705 1443 2784 perti·

443 2829 495 2876 net
518 2807 670 2875 turbemin
690 2797 815 2868 concilio
832 2803 1048 2884 Constantinop.
1068 2805 1090 2868 l.
1119 2803 1277 2868 Germanus
1303 2803 1442 2886 Corycen·
1499 2839 1500 2852 2

443 2910 478 2980 fis
500 2926 539 2970 ert
561 2904 710 2985 provincia
728 2903 852 2966 Ciliciae.
880 2903 917 2964 ln
936 2902 993 2964 tab.
1024 2903 1227 2968 Theodosiana
1261 2903 1366 2982 legitur
1395 2901 1441 2962 Co-

443 3008 526 3071 rt'oco.
543 3003 641 3069 Hodie
659 3002 761 3065 mmet
777 3002 835 3066 dici
856 2999 989 3069 asserunt,
1005 3001 1182 3070 D’snvissius
1196 3002 1284 3068 babet
1299 3003 1395 3068 Cerco.
1405 3000 1437 3064 Ο.

852 3181 1053 3272 Castaliae

484 3397 530 3462 De
556 3397 676 3462 Castalio
695 3397 778 3461 sonte
795 3401 893 3464 adium
920 3399 960 3462 est
985 3418 1015 3476 p.
1039 3416 1109 3473 τις.
1144 3395 1279 3463 Mentem
1305 3393 1440 3468 adfuisse,

444 3514 483 3558 ex
501 3494 569 3560 loco
585 3495 692 3574 Virgilii
712 3497 826 3560 videtur
857 3496 1026 3560 intellexisse
1052 3496 1170 3572 Vibius,
1204 3496 1309 3574 Georg.
1344 3495 1376 3560 L.
1393 3492 1439 3556 lll.
1497 3543 1498 3552 ,

443 3616 474 3658 s.
496 3613 567 3672 293.
589 3591 677 3675 juvat
699 3595 737 3655 ire
754 3592 835 3679 jugis
859 3599 914 3666 &e
939 3615 1026 3674 qoeur
1056 3595 1155 3660 locum
1188 3595 1272 3674 supra
1303 3596 1439 3658 dedimus
1497 3587 1498 3653 l

442 3693 490 3760 Ex
513 3693 599 3756 vibio
625 3693 739 3770 accepit
759 3693 938 3760 boccaciuec
961 3693 1109 3778 sustollas
1143 3714 1218 3756 mus
1248 3694 1278 3757 iu
1308 3691 1444 3776 Delphis·

442 3793 523 3873 ινβ
539 3787 628 3868 saca.
670 3791 821 3870 Antiouior
844 3792 929 3857 Vibio
957 3792 1096 3872 scriptor,
1131 3793 1189 3856 five
1214 3794 1368 3856 Romanus
1391 3791 1443 3854 lire
1496 3781 1497 3796 ¹

442 3889 589 3965 Graecus,
617 3889 667 3969 qui
686 3885 842 3956 Castalium
864 3892 1119 3968 montemydiserte
1141 3908 1377 3968 commemoret,
1397 3908 1443 3952 ne·
1496 3879 1497 3947 l

443 4009 494 4052 mo
514 3989 659 4078 succurre
691 3989 833 4058 Lucienus
852 3987 948 4056 forsan
966 3991 998 4052 in
1014 3991 1276 4070 contemplantibus
1297 3991 1356 4053 five
1375 3990 1445 4054 Cha·

443 4101 556 4164 tonte,
581 4089 634 4154 ubi
649 4088 686 4152 dc
708 4090 856 4158 montibus
871 4089 983 4166 serino,
1010 4111 1082 4170 quos
1103 4091 1203 4156 frustra
1222 4089 1282 4169 ipse
1295 4110 1365 4154 curn
1373 4087 1444 4152 silet·
