<?xml version="1.0" encoding="UTF-8"?>
<!DOCTYPE html PUBLIC "-//W3C//DTD XHTML 1.0 Transitional//EN"
    "http://www.w3.org/TR/xhtml1/DTD/xhtml1-transitional.dtd">
<html xmlns="http://www.w3.org/1999/xhtml" xml:lang="en" lang="en">
 <head>
  <title>
</title>
<meta http-equiv="Content-Type" content="text/html;charset=utf-8" />
  <meta name='ocr-system' content='tesseract 3.04.00' />
  <meta name='ocr-capabilities' content='ocr_page ocr_carea ocr_par ocr_line ocrx_word'/>
</head>
<body>
  <div class='ocr_page' id='page_1' title='image "./vibiussequester00sequgoog_0352.png"; bbox 0 0 3225 5017; ppageno 0'>
   <div class='ocr_carea' id='block_1_1' title="bbox 521 479 1320 582">
    <p class='ocr_par' dir='ltr' id='par_1_1' title="bbox 521 479 1320 582">
     <span class='ocr_line' id='line_1_1' title="bbox 521 479 1320 582; baseline 0.003 -42"><span class='ocrx_word' id='word_1_1' title='bbox 521 482 597 542; x_wconf 74' lang='lat' dir='ltr'>nn</span> <span class='ocrx_word' id='word_1_2' title='bbox 655 480 879 543; x_wconf 74' lang='lat' dir='ltr'>mourut</span> <span class='ocrx_word' id='word_1_3' title='bbox 1118 479 1198 582; x_wconf 78' lang='lat'>325‘</span> <span class='ocrx_word' id='word_1_4' title='bbox 1318 567 1320 572; x_wconf 16' lang='grc' dir='ltr'>Ι</span> 
     </span>
    </p>
   </div>
   <div class='ocr_carea' id='block_1_2' title="bbox 188 635 1268 2004">
    <p class='ocr_par' dir='ltr' id='par_1_2' title="bbox 188 635 1268 2004">
     <span class='ocr_line' id='line_1_2' title="bbox 194 635 1194 723; baseline 0.011 -26"><span class='ocrx_word' id='word_1_5' title='bbox 194 665 269 712; x_wconf 75' lang='lat' dir='ltr'>nus,</span> <span class='ocrx_word' id='word_1_6' title='bbox 294 638 425 718; x_wconf 81' lang='lat' dir='ltr'>Mafficus</span> <span class='ocrx_word' id='word_1_7' title='bbox 448 637 687 720; x_wconf 64' lang='lat' dir='ltr'>&amp;pulcherrimus</span> <span class='ocrx_word' id='word_1_8' title='bbox 713 641 826 700; x_wconf 83' lang='lat' dir='ltr'>omnium</span> <span class='ocrx_word' id='word_1_9' title='bbox 846 635 986 715; x_wconf 81' lang='lat' dir='ltr'>Vefirvr&#39;us.</span> <span class='ocrx_word' id='word_1_10' title='bbox 1014 641 1114 723; x_wconf 80' lang='lat' dir='ltr'>Itaque</span> <span class='ocrx_word' id='word_1_11' title='bbox 1136 648 1194 708; x_wconf 84' lang='lat' dir='ltr'>ina-</span> 
     </span>
     <span class='ocr_line' id='line_1_3' title="bbox 193 736 1194 822; baseline 0.006 -20"><span class='ocrx_word' id='word_1_12' title='bbox 193 765 256 802; x_wconf 84' lang='lat' dir='ltr'>nem</span> <span class='ocrx_word' id='word_1_13' title='bbox 286 742 409 800; x_wconf 83' lang='lat' dir='ltr'><em>Gaurum</em></span> <span class='ocrx_word' id='word_1_14' title='bbox 431 736 605 816; x_wconf 87' lang='lat' dir='ltr'>appellatum</span> <span class='ocrx_word' id='word_1_15' title='bbox 630 754 711 816; x_wconf 84' lang='lat' dir='ltr'>putat</span> <span class='ocrx_word' id='word_1_16' title='bbox 735 740 813 801; x_wconf 87' lang='lat' dir='ltr'>Cam.</span> <span class='ocrx_word' id='word_1_17' title='bbox 840 739 1022 818; x_wconf 84' lang='lat' dir='ltr'>Peregrinus,</span> <span class='ocrx_word' id='word_1_18' title='bbox 1045 746 1122 822; x_wconf 92' lang='lat' dir='ltr'>qood</span> <span class='ocrx_word' id='word_1_19' title='bbox 1149 767 1194 808; x_wconf 90' lang='lat' dir='ltr'>ca·</span> 
     </span>
     <span class='ocr_line' id='line_1_4' title="bbox 195 836 1194 919; baseline 0.006 -17"><span class='ocrx_word' id='word_1_20' title='bbox 195 861 251 902; x_wconf 84' lang='lat' dir='ltr'>vus</span> <span class='ocrx_word' id='word_1_21' title='bbox 275 838 353 900; x_wconf 68' lang='lat' dir='ltr'>effer.</span> <span class='ocrx_word' id='word_1_22' title='bbox 397 836 528 911; x_wconf 80' lang='lat' dir='ltr'>„Habet</span> <span class='ocrx_word' id='word_1_23' title='bbox 554 837 631 898; x_wconf 91' lang='lat' dir='ltr'>enim</span> <span class='ocrx_word' id='word_1_24' title='bbox 655 858 804 902; x_wconf 79' lang='lat' dir='ltr'>cavernam</span> <span class='ocrx_word' id='word_1_25' title='bbox 839 859 925 900; x_wconf 84' lang='lat' dir='ltr'>unam</span> <span class='ocrx_word' id='word_1_26' title='bbox 953 839 1016 901; x_wconf 86' lang='lat' dir='ltr'>satis</span> <span class='ocrx_word' id='word_1_27' title='bbox 1047 859 1194 919; x_wconf 77' lang='lat' dir='ltr'>patentem</span> 
     </span>
     <span class='ocr_line' id='line_1_5' title="bbox 191 935 1193 1013; baseline 0.009 -16"><span class='ocrx_word' id='word_1_28' title='bbox 191 982 219 1013; x_wconf 91' lang='lat'>„</span> <span class='ocrx_word' id='word_1_29' title='bbox 243 936 383 998; x_wconf 83' lang='lat' dir='ltr'>oculis&amp;</span> <span class='ocrx_word' id='word_1_30' title='bbox 408 936 565 1013; x_wconf 81' lang='lat' dir='ltr'>grandem,</span> <span class='ocrx_word' id='word_1_31' title='bbox 603 935 696 998; x_wconf 86' lang='lat' dir='ltr'>forma</span> <span class='ocrx_word' id='word_1_32' title='bbox 729 937 868 998; x_wconf 77' lang='lat' dir='ltr'>simillima</span> <span class='ocrx_word' id='word_1_33' title='bbox 898 957 931 1000; x_wconf 90' lang='lat' dir='ltr'>ac</span> <span class='ocrx_word' id='word_1_34' title='bbox 959 954 1088 1004; x_wconf 89' lang='lat' dir='ltr'>veterum</span> <span class='ocrx_word' id='word_1_35' title='bbox 1111 943 1193 1006; x_wconf 68' lang='lat' dir='ltr'>fuisse</span> 
     </span>
     <span class='ocr_line' id='line_1_6' title="bbox 192 1033 1193 1114; baseline 0.008 -18"><span class='ocrx_word' id='word_1_36' title='bbox 192 1077 219 1112; x_wconf 89' lang='lat'>„</span> <span class='ocrx_word' id='word_1_37' title='bbox 242 1034 519 1113; x_wconf 86' lang='lat' dir='ltr'>amphitheatrorum</span> <span class='ocrx_word' id='word_1_38' title='bbox 543 1033 690 1097; x_wconf 88' lang='lat' dir='ltr'>observare</span> <span class='ocrx_word' id='word_1_39' title='bbox 709 1035 756 1097; x_wconf 64' lang='lat' dir='ltr'>est,</span> <span class='ocrx_word' id='word_1_40' title='bbox 795 1035 973 1097; x_wconf 87' lang='lat' dir='ltr'>Profunditas</span> <span class='ocrx_word' id='word_1_41' title='bbox 992 1057 1052 1114; x_wconf 71' lang='lat' dir='ltr'>ejus</span> <span class='ocrx_word' id='word_1_42' title='bbox 1068 1040 1193 1104; x_wconf 88' lang='lat' dir='ltr'>altitudi-</span> 
     </span>
     <span class='ocr_line' id='line_1_7' title="bbox 192 1133 1191 1214; baseline 0.006 -19"><span class='ocrx_word' id='word_1_43' title='bbox 192 1181 216 1210; x_wconf 92' lang='lat'>„</span> <span class='ocrx_word' id='word_1_44' title='bbox 240 1155 309 1196; x_wconf 91' lang='lat' dir='ltr'>nem</span> <span class='ocrx_word' id='word_1_45' title='bbox 331 1133 416 1211; x_wconf 85' lang='lat' dir='ltr'>ipfios</span> <span class='ocrx_word' id='word_1_46' title='bbox 446 1134 552 1193; x_wconf 87' lang='lat' dir='ltr'>montis</span> <span class='ocrx_word' id='word_1_47' title='bbox 573 1147 691 1209; x_wconf 85' lang='lat' dir='ltr'>aequat,</span> <span class='ocrx_word' id='word_1_48' title='bbox 721 1133 837 1211; x_wconf 87' lang='lat' dir='ltr'>ipsaque</span> <span class='ocrx_word' id='word_1_49' title='bbox 863 1153 984 1198; x_wconf 83' lang='lat' dir='ltr'>caverna</span> <span class='ocrx_word' id='word_1_50' title='bbox 1012 1135 1131 1214; x_wconf 87' lang='lat' dir='ltr'>superne</span> <span class='ocrx_word' id='word_1_51' title='bbox 1159 1141 1191 1201; x_wconf 93' lang='lat' dir='ltr'>in</span> 
     </span>
     <span class='ocr_line' id='line_1_8' title="bbox 192 1233 1191 1312; baseline 0.004 -18"><span class='ocrx_word' id='word_1_52' title='bbox 192 1280 216 1308; x_wconf 92' lang='lat'>„</span> <span class='ocrx_word' id='word_1_53' title='bbox 239 1234 357 1312; x_wconf 86' lang='lat' dir='ltr'>planum</span> <span class='ocrx_word' id='word_1_54' title='bbox 382 1233 506 1309; x_wconf 86' lang='lat' dir='ltr'>aperitur</span> <span class='ocrx_word' id='word_1_55' title='bbox 527 1253 624 1310; x_wconf 86' lang='lat' dir='ltr'>agrum</span> <span class='ocrx_word' id='word_1_56' title='bbox 645 1233 857 1312; x_wconf 89' lang='lat' dir='ltr'>multorumque</span> <span class='ocrx_word' id='word_1_57' title='bbox 888 1236 1037 1311; x_wconf 87' lang='lat' dir='ltr'>jugerum,</span> <span class='ocrx_word' id='word_1_58' title='bbox 1069 1237 1191 1305; x_wconf 82' lang='lat' dir='ltr'>mirabili</span> 
     </span>
     <span class='ocr_line' id='line_1_9' title="bbox 190 1330 1188 1412; baseline 0.006 -21"><span class='ocrx_word' id='word_1_59' title='bbox 190 1377 214 1408; x_wconf 91' lang='lat'>‚,</span> <span class='ocrx_word' id='word_1_60' title='bbox 237 1333 398 1408; x_wconf 82' lang='lat' dir='ltr'>praeditum</span> <span class='ocrx_word' id='word_1_61' title='bbox 421 1330 582 1403; x_wconf 77' lang='lat' dir='ltr'>fertilitate,</span> <span class='ocrx_word' id='word_1_62' title='bbox 605 1351 690 1408; x_wconf 89' lang='lat' dir='ltr'>quern</span> <span class='ocrx_word' id='word_1_63' title='bbox 711 1332 766 1393; x_wconf 92' lang='lat' dir='ltr'>loci</span> <span class='ocrx_word' id='word_1_64' title='bbox 788 1331 901 1393; x_wconf 85' lang='lat' dir='ltr'>accolae</span> <span class='ocrx_word' id='word_1_65' title='bbox 925 1332 1012 1411; x_wconf 86' lang='lat' dir='ltr'>vulgo</span> <span class='ocrx_word' id='word_1_66' title='bbox 1039 1335 1188 1412; x_wconf 83' lang='lat' dir='ltr'>appellant</span> 
     </span>
     <span class='ocr_line' id='line_1_10' title="bbox 190 1428 1184 1511; baseline 0.006 -23"><span class='ocrx_word' id='word_1_67' title='bbox 190 1475 213 1505; x_wconf 92' lang='lat'>„</span> <span class='ocrx_word' id='word_1_68' title='bbox 238 1429 430 1510; x_wconf 82' lang='lat' dir='ltr'>Campiglr&#39;one.</span> <span class='ocrx_word' id='word_1_69' title='bbox 442 1428 633 1490; x_wconf 85' lang='lat' dir='ltr'>Descensusin</span> <span class='ocrx_word' id='word_1_70' title='bbox 646 1449 709 1491; x_wconf 88' lang='lat' dir='ltr'>eam</span> <span class='ocrx_word' id='word_1_71' title='bbox 722 1451 873 1494; x_wconf 80' lang='lat' dir='ltr'>cavernam</span> <span class='ocrx_word' id='word_1_72' title='bbox 885 1451 944 1492; x_wconf 91' lang='lat' dir='ltr'>non</span> <span class='ocrx_word' id='word_1_73' title='bbox 958 1432 1040 1493; x_wconf 85' lang='lat' dir='ltr'>datur</span> <span class='ocrx_word' id='word_1_74' title='bbox 1049 1477 1058 1505; x_wconf 87' lang='lat'>,</span> <span class='ocrx_word' id='word_1_75' title='bbox 1068 1433 1116 1493; x_wconf 83' lang='lat' dir='ltr'>nisr</span> <span class='ocrx_word' id='word_1_76' title='bbox 1133 1454 1184 1511; x_wconf 86' lang='lat' dir='ltr'>pet</span> 
     </span>
     <span class='ocr_line' id='line_1_11' title="bbox 191 1525 1268 1607; baseline 0.003 -19"><span class='ocrx_word' id='word_1_77' title='bbox 191 1573 215 1604; x_wconf 94' lang='lat'>„</span> <span class='ocrx_word' id='word_1_78' title='bbox 240 1546 330 1588; x_wconf 83' lang='lat' dir='ltr'>unum</span> <span class='ocrx_word' id='word_1_79' title='bbox 346 1525 526 1588; x_wconf 89' lang='lat' dir='ltr'><strong>solummodo</strong></span> <span class='ocrx_word' id='word_1_80' title='bbox 539 1529 667 1603; x_wconf 89' lang='lat' dir='ltr'>aditum,</span> <span class='ocrx_word' id='word_1_81' title='bbox 694 1550 780 1607; x_wconf 87' lang='lat' dir='ltr'>quern</span> <span class='ocrx_word' id='word_1_82' title='bbox 796 1529 888 1592; x_wconf 89' lang='lat' dir='ltr'>multo</span> <span class='ocrx_word' id='word_1_83' title='bbox 906 1551 972 1592; x_wconf 86' lang='lat' dir='ltr'>curn</span> <span class='ocrx_word' id='word_1_84' title='bbox 992 1529 1089 1592; x_wconf 89' lang='lat' dir='ltr'>labore</span> <span class='ocrx_word' id='word_1_85' title='bbox 1107 1531 1189 1595; x_wconf 78' lang='lat' dir='ltr'>fuine</span> <span class='ocrx_word' id='word_1_86' title='bbox 1258 1580 1268 1591; x_wconf 85' lang='lat'><em>.</em></span> 
     </span>
     <span class='ocr_line' id='line_1_12' title="bbox 190 1628 1188 1708; baseline 0.005 -20"><span class='ocrx_word' id='word_1_87' title='bbox 190 1672 213 1702; x_wconf 88' lang='lat'>,‚</span> <span class='ocrx_word' id='word_1_88' title='bbox 237 1644 368 1704; x_wconf 86' lang='lat' dir='ltr'>apertum</span> <span class='ocrx_word' id='word_1_89' title='bbox 388 1628 533 1704; x_wconf 87' lang='lat' dir='ltr'>quondam</span> <span class='ocrx_word' id='word_1_90' title='bbox 549 1641 674 1703; x_wconf 75' lang='lat' dir='ltr'>apparet</span> <span class='ocrx_word' id='word_1_91' title='bbox 685 1670 706 1699; x_wconf 86' lang='lat'><strong>„</strong></span> <span class='ocrx_word' id='word_1_92' title='bbox 751 1629 884 1706; x_wconf 89' lang='lat' dir='ltr'>Denique</span> <span class='ocrx_word' id='word_1_93' title='bbox 905 1630 1029 1690; x_wconf 87' lang='lat' dir='ltr'>nominis</span> <span class='ocrx_word' id='word_1_94' title='bbox 1049 1631 1188 1708; x_wconf 85' lang='lat' dir='ltr'>originem</span> 
     </span>
     <span class='ocr_line' id='line_1_13' title="bbox 188 1724 1187 1802; baseline 0.004 -17"><span class='ocrx_word' id='word_1_95' title='bbox 188 1724 209 1785; x_wconf 85' lang='lat' dir='ltr'><strong>fi</strong></span> <span class='ocrx_word' id='word_1_96' title='bbox 231 1725 294 1802; x_wconf 91' lang='lat' dir='ltr'>quis</span> <span class='ocrx_word' id='word_1_97' title='bbox 311 1739 448 1802; x_wconf 85' lang='lat' dir='ltr'>quaerat,</span> <span class='ocrx_word' id='word_1_98' title='bbox 471 1744 506 1785; x_wconf 86' lang='lat' dir='ltr'>err</span> <span class='ocrx_word' id='word_1_99' title='bbox 527 1726 647 1788; x_wconf 89' lang='lat' dir='ltr'>Oriente</span> <span class='ocrx_word' id='word_1_100' title='bbox 672 1728 827 1802; x_wconf 86' lang='lat' dir='ltr'>petendam</span> <span class='ocrx_word' id='word_1_101' title='bbox 861 1726 943 1802; x_wconf 85' lang='lat' dir='ltr'>jubet</span> <span class='ocrx_word' id='word_1_102' title='bbox 968 1727 1187 1790; x_wconf 86' lang='lat' dir='ltr'>D&#39;Hancarville</span> 
     </span>
     <span class='ocr_line' id='line_1_14' title="bbox 190 1821 1188 1902; baseline 0.008 -20"><span class='ocrx_word' id='word_1_103' title='bbox 190 1824 221 1882; x_wconf 91' lang='lat' dir='ltr'>in</span> <span class='ocrx_word' id='word_1_104' title='bbox 241 1821 331 1899; x_wconf 86' lang='lat' dir='ltr'>praef.</span> <span class='ocrx_word' id='word_1_105' title='bbox 355 1823 390 1882; x_wconf 87' lang='lat' dir='ltr'>ad</span> <span class='ocrx_word' id='word_1_106' title='bbox 418 1821 480 1883; x_wconf 82' lang='lat' dir='ltr'>rasa</span> <span class='ocrx_word' id='word_1_107' title='bbox 498 1823 614 1886; x_wconf 84' lang='lat' dir='ltr'>Etrusca</span> <span class='ocrx_word' id='word_1_108' title='bbox 636 1823 725 1884; x_wconf 88' lang='lat' dir='ltr'>musei</span> <span class='ocrx_word' id='word_1_109' title='bbox 744 1823 914 1886; x_wconf 86' lang='lat' dir='ltr'>Hamiltonii</span> <span class='ocrx_word' id='word_1_110' title='bbox 930 1824 966 1887; x_wconf 90' lang='lat' dir='ltr'>T.</span> <span class='ocrx_word' id='word_1_111' title='bbox 983 1825 1005 1886; x_wconf 88' lang='grc' dir='ltr'>Ι.</span> <span class='ocrx_word' id='word_1_112' title='bbox 1029 1845 1058 1902; x_wconf 84' lang='grc' dir='ltr'>ρ.</span> <span class='ocrx_word' id='word_1_113' title='bbox 1077 1833 1125 1899; x_wconf 84' lang='grc'>64.</span> <span class='ocrx_word' id='word_1_114' title='bbox 1149 1845 1188 1890; x_wconf 73' lang='lat' dir='ltr'>ex</span> 
     </span>
     <span class='ocr_line' id='line_1_15' title="bbox 190 1919 1155 2004; baseline 0.007 -25"><span class='ocrx_word' id='word_1_115' title='bbox 190 1939 259 2000; x_wconf 56' lang='grc' dir='ltr'>ῃ</span> <span class='ocrx_word' id='word_1_116' title='bbox 278 1919 385 1983; x_wconf 86' lang='lat' dir='ltr'>scilicet</span> <span class='ocrx_word' id='word_1_117' title='bbox 406 1938 518 1980; x_wconf 82' lang='lat' dir='ltr'>montem</span> <span class='ocrx_word' id='word_1_118' title='bbox 538 1922 687 2004; x_wconf 61' lang='lat' dir='ltr'>prineioem</span> <span class='ocrx_word' id='word_1_119' title='bbox 710 1936 910 2001; x_wconf 90' lang='lat' dir='ltr'>nuncupatum</span> <span class='ocrx_word' id='word_1_120' title='bbox 937 1935 1074 1992; x_wconf 73' lang='lat' dir='ltr'>autumet.</span> <span class='ocrx_word' id='word_1_121' title='bbox 1118 1925 1155 1988; x_wconf 91' lang='lat'>0.</span> 
     </span>
    </p>
   </div>
   <div class='ocr_carea' id='block_1_3' title="bbox 599 2054 1276 2171">
    <p class='ocr_par' dir='ltr' id='par_1_3' title="bbox 599 2054 1276 2171">
     <span class='ocr_line' id='line_1_16' title="bbox 599 2054 1276 2171; baseline 0.001 -3"><span class='ocrx_word' id='word_1_122' title='bbox 599 2054 799 2171; x_wconf 64' lang='lat' dir='ltr'>Helicon⁸</span> <span class='ocrx_word' id='word_1_123' title='bbox 1117 2111 1122 2150; x_wconf 73' lang='lat'><strong><em>⁴</em></strong></span> <span class='ocrx_word' id='word_1_124' title='bbox 1272 2125 1276 2132; x_wconf 91' lang='lat'>·</span> 
     </span>
    </p>
   </div>
   <div class='ocr_carea' id='block_1_4' title="bbox 186 2283 1183 3350">
    <p class='ocr_par' dir='ltr' id='par_1_4' title="bbox 190 2283 1065 2657">
     <span class='ocr_line' id='line_1_17' title="bbox 192 2283 805 2363; baseline 0 -17"><span class='ocrx_word' id='word_1_125' title='bbox 192 2319 195 2326; x_wconf 95' lang='lat'>·</span> <span class='ocrx_word' id='word_1_126' title='bbox 230 2284 394 2362; x_wconf 78' lang='lat' dir='ltr'>Propertius</span> <span class='ocrx_word' id='word_1_127' title='bbox 413 2284 445 2346; x_wconf 77' lang='lat' dir='ltr'>L.</span> <span class='ocrx_word' id='word_1_128' title='bbox 468 2283 519 2346; x_wconf 85' lang='grc' dir='ltr'><strong>ΙΙΙ.</strong></span> <span class='ocrx_word' id='word_1_129' title='bbox 543 2283 615 2362; x_wconf 86' lang='lat' dir='ltr'>eleg.</span> <span class='ocrx_word' id='word_1_130' title='bbox 641 2284 677 2350; x_wconf 84' lang='lat' dir='ltr'>V.</span> <span class='ocrx_word' id='word_1_131' title='bbox 702 2306 730 2347; x_wconf 86' lang='lat' dir='ltr'>v.</span> <span class='ocrx_word' id='word_1_132' title='bbox 757 2305 805 2363; x_wconf 84' lang='lat'>19.</span> 
     </span>
     <span class='ocr_line' id='line_1_18' title="bbox 315 2380 1065 2465; baseline 0.005 -23"><span class='ocrx_word' id='word_1_133' title='bbox 315 2385 365 2442; x_wconf 88' lang='lat' dir='ltr'>Me</span> <span class='ocrx_word' id='word_1_134' title='bbox 382 2380 470 2462; x_wconf 80' lang='lat' dir='ltr'>juvat</span> <span class='ocrx_word' id='word_1_135' title='bbox 489 2384 518 2442; x_wconf 83' lang='lat' dir='ltr'>in</span> <span class='ocrx_word' id='word_1_136' title='bbox 535 2386 626 2464; x_wconf 75' lang='lat' dir='ltr'>priora</span> <span class='ocrx_word' id='word_1_137' title='bbox 650 2383 723 2443; x_wconf 86' lang='lat' dir='ltr'>colui</span> <span class='ocrx_word' id='word_1_138' title='bbox 743 2408 757 2442; x_wconf 88' lang='lat' dir='ltr'>e</span> <span class='ocrx_word' id='word_1_139' title='bbox 777 2383 910 2444; x_wconf 84' lang='lat' dir='ltr'>Helieone</span> <span class='ocrx_word' id='word_1_140' title='bbox 932 2382 1065 2465; x_wconf 79' lang='lat' dir='ltr'>juventa,</span> 
     </span>
     <span class='ocr_line' id='line_1_19' title="bbox 357 2477 967 2564; baseline 0.003 -23"><span class='ocrx_word' id='word_1_141' title='bbox 357 2477 550 2561; x_wconf 79' lang='lat' dir='ltr'>Musarumque</span> <span class='ocrx_word' id='word_1_142' title='bbox 573 2483 661 2541; x_wconf 78' lang='lat' dir='ltr'>eloris</span> <span class='ocrx_word' id='word_1_143' title='bbox 683 2478 839 2564; x_wconf 74' lang='lat' dir='ltr'>implicueffe</span> <span class='ocrx_word' id='word_1_144' title='bbox 863 2502 967 2544; x_wconf 80' lang='lat' dir='ltr'>manus.</span> 
     </span>
     <span class='ocr_line' id='line_1_20' title="bbox 190 2579 592 2657; baseline -0.002 -16"><span class='ocrx_word' id='word_1_145' title='bbox 190 2579 226 2641; x_wconf 88' lang='lat' dir='ltr'>cf.</span> <span class='ocrx_word' id='word_1_146' title='bbox 252 2582 282 2642; x_wconf 75' lang='grc' dir='ltr'><strong>ἃ</strong></span> <span class='ocrx_word' id='word_1_147' title='bbox 307 2579 387 2657; x_wconf 83' lang='lat' dir='ltr'>Eleg.</span> <span class='ocrx_word' id='word_1_148' title='bbox 410 2580 464 2641; x_wconf 87' lang='lat'><em>111.</em></span> <span class='ocrx_word' id='word_1_149' title='bbox 490 2600 518 2640; x_wconf 89' lang='lat' dir='ltr'>v.</span> <span class='ocrx_word' id='word_1_150' title='bbox 544 2600 592 2653; x_wconf 88' lang='lat'>41.</span> 
     </span>
    </p>

    <p class='ocr_par' dir='ltr' id='par_1_5' title="bbox 186 2677 1183 3350">
     <span class='ocr_line' id='line_1_21' title="bbox 228 2677 1182 2758; baseline 0.005 -20"><span class='ocrx_word' id='word_1_151' title='bbox 228 2678 359 2753; x_wconf 82' lang='lat' dir='ltr'>Aoniae)</span> <span class='ocrx_word' id='word_1_152' title='bbox 371 2681 461 2740; x_wconf 77' lang='lat' dir='ltr'>Aonia</span> <span class='ocrx_word' id='word_1_153' title='bbox 477 2679 648 2740; x_wconf 80' lang='lat' dir='ltr'>estBoeotia</span> <span class='ocrx_word' id='word_1_154' title='bbox 663 2677 777 2741; x_wconf 82' lang='lat' dir='ltr'>Servius</span> <span class='ocrx_word' id='word_1_155' title='bbox 790 2678 827 2738; x_wconf 88' lang='lat' dir='ltr'>ad</span> <span class='ocrx_word' id='word_1_156' title='bbox 841 2677 948 2758; x_wconf 80' lang='lat' dir='ltr'>Virgilii</span> <span class='ocrx_word' id='word_1_157' title='bbox 961 2679 1016 2741; x_wconf 86' lang='lat' dir='ltr'>ecl.</span> <span class='ocrx_word' id='word_1_158' title='bbox 1029 2679 1079 2740; x_wconf 82' lang='lat' dir='ltr'>l&#39;l.</span> <span class='ocrx_word' id='word_1_159' title='bbox 1088 2701 1115 2740; x_wconf 92' lang='lat' dir='ltr'>v.</span> <span class='ocrx_word' id='word_1_160' title='bbox 1129 2686 1182 2753; x_wconf 69' lang='lat' dir='ltr'>uel</span> 
     </span>
     <span class='ocr_line' id='line_1_22' title="bbox 187 2776 1183 2859; baseline 0.003 -22"><span class='ocrx_word' id='word_1_161' title='bbox 187 2777 305 2837; x_wconf 81' lang='lat' dir='ltr'>Helicon</span> <span class='ocrx_word' id='word_1_162' title='bbox 323 2799 398 2836; x_wconf 85' lang='lat' dir='ltr'>mons</span> <span class='ocrx_word' id='word_1_163' title='bbox 419 2778 453 2859; x_wconf 65' lang='grc' dir='ltr'>ιβ</span> <span class='ocrx_word' id='word_1_164' title='bbox 470 2777 619 2847; x_wconf 79' lang='lat' dir='ltr'>Boeotiae,</span> <span class='ocrx_word' id='word_1_165' title='bbox 649 2776 764 2857; x_wconf 63' lang='lat' dir='ltr'>quae&amp;</span> <span class='ocrx_word' id='word_1_166' title='bbox 787 2777 879 2836; x_wconf 77' lang='lat' dir='ltr'>Aonia</span> <span class='ocrx_word' id='word_1_167' title='bbox 899 2777 1006 2837; x_wconf 83' lang='lat' dir='ltr'>dieitur.</span> <span class='ocrx_word' id='word_1_168' title='bbox 1039 2776 1121 2844; x_wconf 85' lang='lat' dir='ltr'>ldenr</span> <span class='ocrx_word' id='word_1_169' title='bbox 1143 2777 1183 2840; x_wconf 76' lang='lat' dir='ltr'>ael</span> 
     </span>
     <span class='ocr_line' id='line_1_23' title="bbox 189 2875 1181 2954; baseline -0.002 -16"><span class='ocrx_word' id='word_1_170' title='bbox 189 2876 292 2954; x_wconf 85' lang='lat' dir='ltr'>Georg·</span> <span class='ocrx_word' id='word_1_171' title='bbox 311 2876 345 2938; x_wconf 76' lang='grc' dir='ltr'>Ι..</span> <span class='ocrx_word' id='word_1_172' title='bbox 368 2875 421 2938; x_wconf 90' lang='lat' dir='ltr'>lll.</span> <span class='ocrx_word' id='word_1_173' title='bbox 447 2876 517 2938; x_wconf 91' lang='lat' dir='ltr'>vers.</span> <span class='ocrx_word' id='word_1_174' title='bbox 546 2897 593 2937; x_wconf 83' lang='grc' dir='ltr'>ιι.</span> <span class='ocrx_word' id='word_1_175' title='bbox 624 2876 714 2937; x_wconf 78' lang='lat' dir='ltr'>Aonio</span> <span class='ocrx_word' id='word_1_176' title='bbox 746 2875 867 2950; x_wconf 80' lang='lat' dir='ltr'>uenire)</span> <span class='ocrx_word' id='word_1_177' title='bbox 901 2875 1019 2936; x_wconf 79' lang='lat' dir='ltr'>Boeotio.</span> <span class='ocrx_word' id='word_1_178' title='bbox 1054 2875 1181 2936; x_wconf 79' lang='lat' dir='ltr'>Elu&#39;conie</span> 
     </span>
     <span class='ocr_line' id='line_1_24' title="bbox 187 2970 1181 3063; baseline -0.001 -29"><span class='ocrx_word' id='word_1_179' title='bbox 187 2973 297 3053; x_wconf 85' lang='lat' dir='ltr'>(legito</span> <span class='ocrx_word' id='word_1_180' title='bbox 316 2974 430 3049; x_wconf 78' lang='lat' dir='ltr'>Aonia)</span> <span class='ocrx_word' id='word_1_181' title='bbox 455 2970 570 3063; x_wconf 63' lang='lat' dir='ltr'>msruess</span> <span class='ocrx_word' id='word_1_182' title='bbox 595 2975 729 3043; x_wconf 79' lang='lat' dir='ltr'>Boeotia,</span> <span class='ocrx_word' id='word_1_183' title='bbox 746 2975 775 3032; x_wconf 83' lang='lat' dir='ltr'>in</span> <span class='ocrx_word' id='word_1_184' title='bbox 792 2993 847 3054; x_wconf 86' lang='lat' dir='ltr'>qua</span> <span class='ocrx_word' id='word_1_185' title='bbox 865 2975 899 3048; x_wconf 75' lang='lat' dir='ltr'>est</span> <span class='ocrx_word' id='word_1_186' title='bbox 916 2973 1016 3032; x_wconf 83' lang='lat' dir='ltr'>Elicon</span> <span class='ocrx_word' id='word_1_187' title='bbox 1044 2975 1181 3051; x_wconf 78' lang='lat' dir='ltr'>(Helicon</span> 
     </span>
     <span class='ocr_line' id='line_1_25' title="bbox 187 3060 1182 3170; baseline -0.008 -34"><span class='ocrx_word' id='word_1_188' title='bbox 187 3072 296 3152; x_wconf 88' lang='lat' dir='ltr'>legito)</span> <span class='ocrx_word' id='word_1_189' title='bbox 321 3094 396 3170; x_wconf 61' lang='lat' dir='ltr'>nrorp</span> <span class='ocrx_word' id='word_1_190' title='bbox 414 3060 510 3150; x_wconf 74' lang='lat' dir='ltr'>Musti</span> <span class='ocrx_word' id='word_1_191' title='bbox 532 3075 650 3136; x_wconf 82' lang='lat' dir='ltr'>dicaeus.</span> <span class='ocrx_word' id='word_1_192' title='bbox 671 3075 699 3135; x_wconf 86' lang='lat'>&amp;</span> <span class='ocrx_word' id='word_1_193' title='bbox 721 3071 924 3150; x_wconf 81' lang='lat' dir='ltr'>Philargyrius3</span> <span class='ocrx_word' id='word_1_194' title='bbox 951 3071 1066 3146; x_wconf 83' lang='lat' dir='ltr'>Annia)</span> <span class='ocrx_word' id='word_1_195' title='bbox 1097 3072 1182 3165; x_wconf 71' lang='lat' dir='ltr'>Boeo·</span> 
     </span>
     <span class='ocr_line' id='line_1_26' title="bbox 186 3166 1181 3252; baseline -0.006 -20"><span class='ocrx_word' id='word_1_196' title='bbox 186 3173 244 3244; x_wconf 83' lang='lat' dir='ltr'>rio,</span> <span class='ocrx_word' id='word_1_197' title='bbox 262 3172 335 3252; x_wconf 84' lang='lat' dir='ltr'>quod</span> <span class='ocrx_word' id='word_1_198' title='bbox 358 3171 397 3229; x_wconf 76' lang='lat' dir='ltr'>ibi</span> <span class='ocrx_word' id='word_1_199' title='bbox 413 3171 495 3252; x_wconf 75' lang='lat' dir='ltr'>primi</span> <span class='ocrx_word' id='word_1_200' title='bbox 511 3172 603 3231; x_wconf 79' lang='lat' dir='ltr'>Aones</span> <span class='ocrx_word' id='word_1_201' title='bbox 615 3169 735 3249; x_wconf 77' lang='lat' dir='ltr'>ftrerune.</span> <span class='ocrx_word' id='word_1_202' title='bbox 774 3166 899 3246; x_wconf 70' lang='lat' dir='ltr'>Meſses)</span> <span class='ocrx_word' id='word_1_203' title='bbox 919 3169 1034 3229; x_wconf 77' lang='lat' dir='ltr'>Helicon</span> <span class='ocrx_word' id='word_1_204' title='bbox 1051 3189 1124 3226; x_wconf 86' lang='lat' dir='ltr'>mons</span> <span class='ocrx_word' id='word_1_205' title='bbox 1146 3169 1181 3250; x_wconf 62' lang='lat' dir='ltr'>est</span> 
     </span>
     <span class='ocr_line' id='line_1_27' title="bbox 188 3265 1181 3350; baseline -0.003 -19"><span class='ocrx_word' id='word_1_206' title='bbox 188 3271 281 3350; x_wconf 76' lang='lat' dir='ltr'>Musa</span> <span class='ocrx_word' id='word_1_207' title='bbox 296 3270 415 3329; x_wconf 74' lang='lat' dir='ltr'>dicares.</span> <span class='ocrx_word' id='word_1_208' title='bbox 436 3270 587 3334; x_wconf 85' lang='lat' dir='ltr'>Caeterum</span> <span class='ocrx_word' id='word_1_209' title='bbox 599 3284 713 3348; x_wconf 88' lang='lat' dir='ltr'>poterat</span> <span class='ocrx_word' id='word_1_210' title='bbox 733 3267 833 3330; x_wconf 81' lang='lat' dir='ltr'>Vibius</span> <span class='ocrx_word' id='word_1_211' title='bbox 850 3269 889 3328; x_wconf 88' lang='lat' dir='ltr'>ita</span> <span class='ocrx_word' id='word_1_212' title='bbox 903 3265 1059 3343; x_wconf 80' lang='lat' dir='ltr'>scriplrlle.</span> <span class='ocrx_word' id='word_1_213' title='bbox 1081 3286 1181 3344; x_wconf 79' lang='lat' dir='ltr'>quem.</span> 
     </span>
    </p>
   </div>
   <div class='ocr_carea' id='block_1_5' title="bbox 185 3364 1306 3448">
    <p class='ocr_par' dir='ltr' id='par_1_6' title="bbox 185 3364 1306 3448">
     <span class='ocr_line' id='line_1_28' title="bbox 185 3364 1306 3448; baseline -0.002 -18"><span class='ocrx_word' id='word_1_214' title='bbox 185 3367 345 3430; x_wconf 82' lang='lat' dir='ltr'>admodum</span> <span class='ocrx_word' id='word_1_215' title='bbox 369 3367 476 3446; x_wconf 82' lang='lat' dir='ltr'>scripfit</span> <span class='ocrx_word' id='word_1_216' title='bbox 490 3369 670 3448; x_wconf 83' lang='lat' dir='ltr'>Porphyrion</span> <span class='ocrx_word' id='word_1_217' title='bbox 684 3368 720 3428; x_wconf 87' lang='lat' dir='ltr'>ad</span> <span class='ocrx_word' id='word_1_218' title='bbox 735 3365 833 3430; x_wconf 88' lang='lat' dir='ltr'>Horat.</span> <span class='ocrx_word' id='word_1_219' title='bbox 846 3365 878 3428; x_wconf 88' lang='lat' dir='ltr'>L.</span> <span class='ocrx_word' id='word_1_220' title='bbox 894 3365 917 3428; x_wconf 87' lang='lat'>1.</span> <span class='ocrx_word' id='word_1_221' title='bbox 937 3365 985 3426; x_wconf 89' lang='lat' dir='ltr'>od.</span> <span class='ocrx_word' id='word_1_222' title='bbox 1003 3385 1050 3428; x_wconf 87' lang='lat'>12.</span> <span class='ocrx_word' id='word_1_223' title='bbox 1064 3364 1134 3430; x_wconf 84' lang='lat' dir='ltr'>vers.</span> <span class='ocrx_word' id='word_1_224' title='bbox 1150 3389 1178 3440; x_wconf 86' lang='lat'>5.</span> <span class='ocrx_word' id='word_1_225' title='bbox 1303 3375 1306 3382; x_wconf 87' lang='grc'><em>’</em></span> 
     </span>
    </p>
   </div>
   <div class='ocr_carea' id='block_1_6' title="bbox 182 3460 1270 4136">
    <p class='ocr_par' dir='ltr' id='par_1_7' title="bbox 182 3460 1270 4136">
     <span class='ocr_line' id='line_1_29' title="bbox 184 3460 1180 3543; baseline -0.006 -16"><span class='ocrx_word' id='word_1_226' title='bbox 184 3466 301 3528; x_wconf 81' lang='lat' dir='ltr'>Helicon</span> <span class='ocrx_word' id='word_1_227' title='bbox 322 3483 410 3526; x_wconf 76' lang='lat' dir='ltr'>aurem</span> <span class='ocrx_word' id='word_1_228' title='bbox 430 3488 504 3526; x_wconf 85' lang='lat' dir='ltr'>mons</span> <span class='ocrx_word' id='word_1_229' title='bbox 528 3468 656 3528; x_wconf 81' lang='lat' dir='ltr'>Boeotiae</span> <span class='ocrx_word' id='word_1_230' title='bbox 668 3465 761 3543; x_wconf 82' lang='lat' dir='ltr'>Mufis</span> <span class='ocrx_word' id='word_1_231' title='bbox 775 3460 863 3538; x_wconf 65' lang='lat' dir='ltr'>sam</span> <span class='ocrx_word' id='word_1_232' title='bbox 888 3479 1027 3530; x_wconf 74' lang='lat' dir='ltr'>HESSEL.</span> <span class='ocrx_word' id='word_1_233' title='bbox 1107 3465 1180 3526; x_wconf 85' lang='lat' dir='ltr'>Scri.</span> 
     </span>
     <span class='ocr_line' id='line_1_30' title="bbox 184 3556 1181 3643; baseline -0.008 -17"><span class='ocrx_word' id='word_1_234' title='bbox 184 3565 265 3643; x_wconf 84' lang='lat' dir='ltr'>pfiffe</span> <span class='ocrx_word' id='word_1_235' title='bbox 282 3564 419 3641; x_wconf 86' lang='lat' dir='ltr'>Vibium,</span> <span class='ocrx_word' id='word_1_236' title='bbox 447 3563 563 3626; x_wconf 80' lang='lat' dir='ltr'>Helicon</span> <span class='ocrx_word' id='word_1_237' title='bbox 593 3583 683 3626; x_wconf 89' lang='lat' dir='ltr'>autem</span> <span class='ocrx_word' id='word_1_238' title='bbox 710 3584 785 3623; x_wconf 82' lang='lat' dir='ltr'>mons</span> <span class='ocrx_word' id='word_1_239' title='bbox 813 3561 939 3624; x_wconf 76' lang='lat' dir='ltr'>Boeotiae</span> <span class='ocrx_word' id='word_1_240' title='bbox 961 3563 1049 3641; x_wconf 82' lang='lat' dir='ltr'>Mufis</span> <span class='ocrx_word' id='word_1_241' title='bbox 1081 3556 1181 3636; x_wconf 71' lang='lat' dir='ltr'>fineen,</span> 
     </span>
     <span class='ocr_line' id='line_1_31' title="bbox 183 3654 1270 3740; baseline -0.004 -16"><span class='ocrx_word' id='word_1_242' title='bbox 183 3684 245 3725; x_wconf 93' lang='lat' dir='ltr'>non</span> <span class='ocrx_word' id='word_1_243' title='bbox 266 3662 340 3724; x_wconf 91' lang='lat' dir='ltr'>mihi</span> <span class='ocrx_word' id='word_1_244' title='bbox 358 3682 428 3724; x_wconf 87' lang='lat' dir='ltr'>vero</span> <span class='ocrx_word' id='word_1_245' title='bbox 449 3663 562 3726; x_wconf 83' lang='lat' dir='ltr'>videtur</span> <span class='ocrx_word' id='word_1_246' title='bbox 581 3663 680 3728; x_wconf 78' lang='lat' dir='ltr'>simile.</span> <span class='ocrx_word' id='word_1_247' title='bbox 717 3662 866 3740; x_wconf 85' lang='lat' dir='ltr'>Nusquam</span> <span class='ocrx_word' id='word_1_248' title='bbox 890 3665 967 3730; x_wconf 84' lang='lat' dir='ltr'>eninr</span> <span class='ocrx_word' id='word_1_249' title='bbox 987 3680 1038 3740; x_wconf 90' lang='lat' dir='ltr'>per</span> <span class='ocrx_word' id='word_1_250' title='bbox 1059 3676 1178 3723; x_wconf 91' lang='lat' dir='ltr'>ornnem</span> <span class='ocrx_word' id='word_1_251' title='bbox 1266 3654 1270 3671; x_wconf 73' lang='lat'><strong><em>‘</em></strong></span> 
     </span>
     <span class='ocr_line' id='line_1_32' title="bbox 182 3755 1179 3853; baseline -0.001 -29"><span class='ocrx_word' id='word_1_252' title='bbox 182 3761 314 3853; x_wconf 78' lang='lat' dir='ltr'>libellum</span> <span class='ocrx_word' id='word_1_253' title='bbox 335 3761 418 3824; x_wconf 84' lang='lat' dir='ltr'>suum</span> <span class='ocrx_word' id='word_1_254' title='bbox 431 3762 493 3824; x_wconf 87' lang='lat' dir='ltr'>hac</span> <span class='ocrx_word' id='word_1_255' title='bbox 513 3761 652 3840; x_wconf 76' lang='lat' dir='ltr'>particula</span> <span class='ocrx_word' id='word_1_256' title='bbox 670 3761 707 3824; x_wconf 84' lang='lat' dir='ltr'>ad</span> <span class='ocrx_word' id='word_1_257' title='bbox 728 3761 946 3840; x_wconf 85' lang='lat' dir='ltr'>conjungendos</span> <span class='ocrx_word' id='word_1_258' title='bbox 967 3755 1099 3820; x_wconf 85' lang='lat' dir='ltr'>articulos</span> <span class='ocrx_word' id='word_1_259' title='bbox 1121 3755 1179 3822; x_wconf 77' lang='lat' dir='ltr'>uti·¹</span> 
     </span>
     <span class='ocr_line' id='line_1_33' title="bbox 184 3852 1180 3940; baseline -0.012 -16"><span class='ocrx_word' id='word_1_260' title='bbox 184 3875 246 3937; x_wconf 72' lang='lat' dir='ltr'>tur,</span> <span class='ocrx_word' id='word_1_261' title='bbox 275 3861 362 3936; x_wconf 85' lang='lat' dir='ltr'>dein,</span> <span class='ocrx_word' id='word_1_262' title='bbox 390 3861 469 3923; x_wconf 89' lang='lat' dir='ltr'>unde</span> <span class='ocrx_word' id='word_1_263' title='bbox 485 3861 569 3923; x_wconf 82' lang='lat' dir='ltr'>suunt</span> <span class='ocrx_word' id='word_1_264' title='bbox 591 3862 697 3922; x_wconf 81' lang='lat' dir='ltr'>Aoniae</span> <span class='ocrx_word' id='word_1_265' title='bbox 714 3861 891 3940; x_wconf 68' lang='lat' dir='ltr'>Boeotiaeque</span> <span class='ocrx_word' id='word_1_266' title='bbox 917 3853 1059 3926; x_wconf 86' lang='lat' dir='ltr'>hauserit,</span> <span class='ocrx_word' id='word_1_267' title='bbox 1089 3852 1180 3912; x_wconf 82' lang='lat' dir='ltr'>mani-</span> 
     </span>
     <span class='ocr_line' id='line_1_34' title="bbox 183 3953 1177 4038; baseline -0.013 -16"><span class='ocrx_word' id='word_1_268' title='bbox 183 3961 286 4022; x_wconf 86' lang='lat' dir='ltr'>festum</span> <span class='ocrx_word' id='word_1_269' title='bbox 307 3960 355 4022; x_wconf 86' lang='lat' dir='ltr'>est.</span> <span class='ocrx_word' id='word_1_270' title='bbox 378 3959 459 4038; x_wconf 84' lang='lat' dir='ltr'>Solet</span> <span class='ocrx_word' id='word_1_271' title='bbox 471 3960 620 4035; x_wconf 79' lang='lat' dir='ltr'>Serrium,</span> <span class='ocrx_word' id='word_1_272' title='bbox 643 3960 807 4028; x_wconf 86' lang='lat' dir='ltr'>Lutatium,</span> <span class='ocrx_word' id='word_1_273' title='bbox 828 3955 951 4031; x_wconf 87' lang='lat' dir='ltr'>aliosque</span> <span class='ocrx_word' id='word_1_274' title='bbox 967 3953 1114 4014; x_wconf 67' lang='lat' dir='ltr'>Poetarum</span> <span class='ocrx_word' id='word_1_275' title='bbox 1129 3967 1177 4010; x_wconf 85' lang='lat' dir='ltr'>ex-</span> 
     </span>
     <span class='ocr_line' id='line_1_35' title="bbox 185 4041 1183 4136; baseline -0.013 -15"><span class='ocrx_word' id='word_1_276' title='bbox 185 4059 344 4136; x_wconf 83' lang='lat' dir='ltr'>planatores</span> <span class='ocrx_word' id='word_1_277' title='bbox 363 4057 528 4121; x_wconf 82' lang='lat' dir='ltr'>exscribere.</span> <span class='ocrx_word' id='word_1_278' title='bbox 550 4061 596 4121; x_wconf 90' lang='lat' dir='ltr'>De</span> <span class='ocrx_word' id='word_1_279' title='bbox 612 4057 751 4121; x_wconf 85' lang='lat' dir='ltr'>Helicone</span> <span class='ocrx_word' id='word_1_280' title='bbox 765 4059 824 4131; x_wconf 90' lang='lat' dir='ltr'>jam</span> <span class='ocrx_word' id='word_1_281' title='bbox 851 4051 1000 4129; x_wconf 85' lang='lat' dir='ltr'>aliquoties</span> <span class='ocrx_word' id='word_1_282' title='bbox 1030 4047 1112 4108; x_wconf 91' lang='lat' dir='ltr'>nobis</span> <span class='ocrx_word' id='word_1_283' title='bbox 1136 4041 1183 4123; x_wconf 68' lang='lat' dir='ltr'>di,</span> 
     </span>
    </p>
   </div>
   <div class='ocr_carea' id='block_1_7' title="bbox 187 4147 1178 4327">
    <p class='ocr_par' dir='ltr' id='par_1_8' title="bbox 187 4147 1178 4327">
     <span class='ocr_line' id='line_1_36' title="bbox 187 4147 1178 4226; baseline -0.014 -7"><span class='ocrx_word' id='word_1_284' title='bbox 187 4160 272 4220; x_wconf 73' lang='lat' dir='ltr'>oum.</span> <span class='ocrx_word' id='word_1_285' title='bbox 296 4157 362 4220; x_wconf 88' lang='lat' dir='ltr'>Fuit</span> <span class='ocrx_word' id='word_1_286' title='bbox 385 4178 469 4218; x_wconf 90' lang='lat' dir='ltr'>mons</span> <span class='ocrx_word' id='word_1_287' title='bbox 485 4160 519 4226; x_wconf 28' lang='grc' dir='ltr'>(ἃ</span> <span class='ocrx_word' id='word_1_288' title='bbox 547 4159 650 4220; x_wconf 89' lang='lat' dir='ltr'>fluvius</span> <span class='ocrx_word' id='word_1_289' title='bbox 674 4157 778 4216; x_wconf 88' lang='lat' dir='ltr'>eodem</span> <span class='ocrx_word' id='word_1_290' title='bbox 801 4154 928 4212; x_wconf 88' lang='lat' dir='ltr'>nomine.</span> <span class='ocrx_word' id='word_1_291' title='bbox 952 4149 1044 4214; x_wconf 78' lang='lat' dir='ltr'>Flauii</span> <span class='ocrx_word' id='word_1_292' title='bbox 1071 4147 1178 4208; x_wconf 87' lang='lat' dir='ltr'>mentio</span> 
     </span>
     <span class='ocr_line' id='line_1_37' title="bbox 722 4254 790 4327; baseline -0.015 1"><span class='ocrx_word' id='word_1_293' title='bbox 722 4254 752 4312; x_wconf 76' lang='lat' dir='ltr'>X</span> <span class='ocrx_word' id='word_1_294' title='bbox 777 4271 790 4327; x_wconf 81' lang='lat'><em>³</em></span> 
     </span>
    </p>
   </div>
   <div class='ocr_carea' id='block_1_8' title="bbox 0 0 1618 5017">
    <p class='ocr_par' dir='ltr' id='par_1_9' title="bbox 0 0 1618 5017">
     <span class='ocr_line' id='line_1_38' title="bbox 0 0 1618 5017; baseline 0 5"><span class='ocrx_word' id='word_1_295' title='bbox 0 0 1618 5017; x_wconf 95' lang='lat' dir='ltr'> </span> 
     </span>
    </p>
   </div>
  </div>
 </body>
</html>
