3225 5017
414 444 463 552 56
615 406 805 525 'noune
862 461 1171 527 vnnronum

408 621 441 686 Ι.
463 620 514 685 ΙΙΙ,
546 636 607 700 cap.
635 640 681 697 ις.
719 624 883 684 Sassuram.-
916 622 1078 701 dequibus
1106 623 1201 689 fluviis
1223 626 1405 695 Ptolemaeus
1526 681 1527 704 ,

409 719 441 783 Ι.
453 720 488 781 V.
514 720 736 799 cap.18.agit.
780 719 815 783 In
835 719 890 782 hac
906 720 997 785 caussa
1018 722 1089 783 mihi
1105 742 1177 801 aqua
1196 724 1302 798 haeret.
1348 729 1406 791 Ce-
1526 713 1527 718 Ι

407 830 499 880 terum
514 818 589 879 bene
605 817 692 881 habet
713 819 801 881 editio
822 817 943 897 vulgata.
960 834 1099 883 nassas..
1181 821 1302 887 Isidorus
1330 827 1404 905 orig.
1526 825 1527 842 ¹

409 916 441 979 Ι.
457 916 539 979 ΧΙΙΙ.
556 937 581 983 c·
599 936 647 981 21.
687 916 795 977 Araxis
817 918 904 977 amnis
923 916 1082 993 Armeniae,
1113 919 1160 1000 qui
1183 920 1218 979 ab
1241 941 1294 981 urta
1316 943 1405 983 monte
1526 923 1527 1004 Ι

408 1034 468 1074 tum
485 1015 624 1096 Euphrate
642 1010 748 1093 diuerflr
766 1011 857 1097 specie
877 1016 969 1079 oritur.
1014 1017 1137 1093 Didus,
1158 1020 1232 1101 quod
1253 1022 1407 1103 rapacitate
1526 1051 1527 1112 j

409 1114 501 1199 tunila
522 1116 674 1195 consternat.
746 1116 825 1181 Unde
847 1114 875 1173 (a
901 1134 960 1173 cum
985 1114 1146 1183 Alexander
1172 1138 1231 1175 eum
1254 1117 1408 1202 transgredi
1526 1127 1527 1198 Ι

406 1210 488 1273 vellet
501 1232 583 1295 ponte
596 1210 752 1292 fabricato,
779 1231 858 1274 tauta
873 1213 903 1276 iri
918 1213 1079 1289 mutavi,
1099 1231 1130 1273 ut
1146 1232 1252 1296 pontem
1277 1217 1402 1284 dirueret.
1526 1249 1527 1254 ¹

282 1372 285 1375 ,
407 1308 551 1373 Convenit
567 1310 637 1373 haec
660 1311 758 1373 Araxis
779 1309 930 1388 descriptio
950 1330 1017 1373 cum
1037 1312 1100 1387 eis,
1123 1333 1195 1391 quae
1219 1314 1319 1391 Strabo
1337 1315 1405 1378 scri·
1526 1363 1527 1368 ,

407 1404 450 1468 bit
471 1407 500 1471 Ι.
517 1408 568 1470 XI.
599 1408 676 1486 quod
695 1428 730 1471 eo
751 1409 839 1486 magis
861 1408 1069 1481 observandum
1086 1412 1145 1481 est,
1180 1414 1258 1490 quod
1278 1416 1403 1483 maxime

408 1498 569 1569 varient'in
588 1510 648 1582 ejus
662 1506 743 1571 cursu
759 1500 926 1600 ,enarrando
946 1507 1110 1588 geographi.
1153 1509 1405 1577 Thermodontem
1526 1509 1527 1524 ¹

410 1605 510 1679 enim,
531 1605 640 1667 Phasim
658 1620 743 1685 atque
759 1606 879 1672 Tanaim
901 1625 937 1667 ex
959 1626 995 1683 eo
1019 1607 1108 1669 fluere
1123 1609 1406 1691 canitOrpheusAr.
1526 1677 1527 1684 p

276 1754 280 1761 .
407 1716 523 1779 gonaut.
541 1703 611 1767 vers.
631 1722 700 1782 747.
725 1704 856 1775 Collocat
875 1705 906 1764 in
929 1703 1044 1785 Scythia
1072 1704 1230 1767 scholiastes
1259 1708 1404 1786 Apollonii

403 1800 502 1867 Rhod.
523 1801 554 1865 L.
572 1802 621 1870 lv.
636 1802 708 1867 vers.
726 1822 792 1881 ¹3³·
839 1803 1146 1883 Thermodontemque
1168 1804 1260 1884 ipsum
1280 1809 1404 1878 Araxem

404 1901 547 1964 nominari
575 1900 689 1967 scribit:
721 1902 759 1969 stc
782 1903 861 1970 enim
882 1902 1017 1981 loquitur.
1076 1904 1107 1961 0⁴
1122 1901 1150 1959 ii
1178 1899 1276 1979 Α’ριίξης
1295 1902 1406 1979 ποἹιμΙς
1526 1957 1527 1972 ,

402 1993 519 2064 Σκυθίας,
551 1994 722 2076 Marpo‘dtsp&
748 2002 791 2073 pit
821 2002 842 2057 ir
864 1996 949 2075 repairpr
980 1998 1028 2055 rri'r
1048 1996 1111 2069 mi
1136 1997 1254 2078 'respuitur
1274 2008 1313 2061 eir
1340 2018 1405 2081 Θιρ-
1526 2019 1527 2068 j

403 2094 515 2170 pisionis
533 2093 626 2175 Λμὶξηι
643 2098 703 2171 φησὶ
719 2099 845 2166 aspectae.
888 2098 1015 2163 Peneum
1029 2118 1099 2164 tero
1115 2101 1237 2168 Araxem
1254 2102 1403 2180 appellari,

408 2194 539 2261 observat
551 2197 740 2275 spanhemius
762 2196 798 2258 ad
823 2196 935 2261 Gallim.
953 2198 1065 2281 Hymn.
1085 2197 1117 2257 in
1140 2196 1203 2259 Del.
1228 2198 1300 2261 vers.
1332 2221 1401 2277 105.

405 2281 588 2391 Quapropter
607 2298 689 2359 variis
702 2294 837 2392 amnibus
853 2296 933 2357 idem
947 2314 1056 2359 nomen
1076 2295 1173 2357 Araxis
1187 2296 1332 2372 inditum,
1358 2298 1404 2361 so·

404 2392 542 2457 lidiffimis
567 2394 724 2458 rationibus
738 2394 855 2459 adstruit
875 2393 910 2460 Is.
928 2392 1038 2464 Vossius
1051 2393 1088 2455 ad
1110 2393 1142 2462 P.
1161 2393 1270 2465 Melam
1298 2396 1330 2467 L.
1345 2395 1400 2469 HI,

406 2512 468 2569 cap.
490 2514 515 2568 ς.
543 2510 629 2569 quern
646 2493 765 2556 omnino
782 2492 991 2571 respiciendum
1007 2512 1125 2559 moneo.
1157 2509 1276 2563 convo.
1392 2550 1397 2555 .
1526 2537 1527 2578 3

444 2652 465 2706 *a
486 2631 579 2689 Medis
603 2630 726 2704 diuidit)
760 2630 866 2693 Savaro
881 2633 919 2693 ad
939 2632 1048 2694 Sidonii
1069 2627 1154 2695 carm.
1176 2632 1215 2696 11.
1233 2655 1261 2697 v.
1275 2654 1347 2711 441.
1368 2640 1405 2698 ab

407 2728 484 2791 Indis
502 2730 633 2791 dividens.
678 2729 760 2791 Haeo
774 2730 843 2791 item
861 2729 971 2802 sessio,
1009 2730 1104 2793 nescio
1124 2732 1203 2793 unde
1234 2750 1271 2795 ex
1304 2733 1406 2799 abdito

405 2844 502 2903 eruta,
541 2842 647 2907 pugnat
680 2848 747 2891 cum
782 2827 897 2906 reliquis
920 2828 1035 2904 verbis,
1068 2830 1139 2907 quin
1166 2830 1250 2906 imo,
1279 2830 1405 2911 separata

408 2927 565 3007 quamlibet
587 2943 666 2989 extra
681 2926 744 3001 illa,
767 2947 804 2988 ne
824 2929 855 2988 in
874 2930 991 3012 Araxem
1008 2928 1124 3005 quidem
1154 2940 1203 2990 aut
1223 2929 1407 3007 Margianum

405 3042 456 3089 aut
477 3027 612 3088 Persicum
634 3027 726 3105 potest
747 3026 967 3089 accommodari.
1028 3026 1223 3089 Veruntamen
1258 3045 1407 3107 receptam

407 3126 561 3191 sessionem
570 3124 695 3205 sequitur
710 3126 747 3187 ad
756 3125 854 3187 Sidon.
864 3145 951 3196 carm.
962 3124 1026 3195 vll.
1037 3145 1064 3187 v.
1082 3126 1404 3203 75.Savaro.}tsssls1..

405 3221 471 3289 Pars
488 3224 535 3287 ilia
555 3224 687 3297 Mediae,
710 3244 794 3302 quam
812 3224 848 3285 ab
864 3224 996 3293 Armenia
1010 3222 1175 3301 sejungebat
1192 3224 1314 3299 Araxes,
1334 3241 1408 3297 tem-

406 3342 476 3401 pore
497 3317 637 3387 Herodoti
659 3322 804 3389 dicebatur
821 3324 979 3387 Mantiane.
1013 3343 1041 3383 v.
1064 3322 1174 3385 Herod.
1200 3322 1231 3384 Ι.
1252 3320 1287 3389 V.
1303 3344 1330 3389 c.
1354 3347 1407 3410 49.

407 3420 512 3484 Everso
529 3442 579 3499 per
603 3420 797 3484 Alexandrum
822 3422 943 3498 imperio
965 3419 1107 3481 Persarum
1130 3420 1205 3483 ditm
1229 3420 1268 3481 est
1288 3423 1409 3508 Atropa.

326 3584 328 3589 s
408 3533 475 3582 tene
506 3542 532 3580 v.
551 3520 651 3581 Strabo
674 3520 773 3585 LXI.
796 3540 824 3599 p.
848 3539 916 3597 523.
938 3520 1061 3597 denique
1078 3518 1129 3580 sub
1147 3519 1254 3581 Parthis
1277 3518 1407 3597 superior

408 3617 508 3681 Media
531 3616 648 3679 salutata
673 3619 721 3683 est.
746 3617 915 3704 v.Is1dotus
940 3617 1057 3684 Charac.
1086 3638 1115 3695 p.
1145 3637 1172 3680 a.
1198 3620 1272 3681 inter
1295 3619 1405 3700 Geogr.
1526 3655 1527 3664 κ

341 3698 359 3719 '
407 3717 479 3779 min.
521 3732 548 3780 s.
570 3731 687 3779 cuorx.

451 3816 551 3879 invitis
576 3814 748 3876 membranis
774 3813 927 3890 legendum
953 3813 1000 3877 hic
1027 3814 1213 3882 Armeniam,
1246 3814 1302 3877 vix
1327 3816 1408 3881 enim
1526 3865 1527 3870 η

409 3916 614 3991 credendum,
640 3900 695 3975 ¹ex
725 3911 923 3990 Xenophonte
950 3912 998 3974 sua
1019 3911 1147 3980 ,hausisse
1183 3910 1323 3988 Vibium,
1355 3916 1408 3993 qui
1526 3899 1527 3982 ζ

408 4012 559 4075 Poetarum
598 4013 735 4091 (Latinos
772 4013 895 4073 maxime
925 4011 1126 4089 intelligendos
1163 4011 1287 4088 censeo)
1309 4012 1409 4075 lesbio·
1526 4027 1527 4074 t

412 4131 485 4175 nemi
511 4113 647 4177 sedatum
687 4111 715 4175 se
743 4112 868 4175 testatur.
933 4111 1049 4174 Nomen
1071 4110 1197 4186 Araxis,
1237 4112 1329 4189 rapidi
1352 4126 1411 4176 tor.-
1526 4173 1527 4182 ,
