3225 5017
436 438 495 540 '46
650 450 839 517 noran
896 445 1216 518 cratonum

436 633 507 681 men
528 611 620 679 statim
643 614 673 677 in
691 604 873 693 'sequentibus
891 610 1020 675 distinete
1039 613 1153 679 Servius
1164 614 1282 694 flavium
1301 607 1434 697 Galliae,

431 715 559 797 flantem
580 714 608 773 in
626 713 727 791 flumen
752 713 913 773 moenum
939 712 1025 779 dicat.
1074 713 1170 779 Falluu
1193 717 1280 779 etiam
1299 720 1434 784 adhunc

436 811 536 875 locum
558 812 697 887 Sabinus,
724 810 773 889 qui
795 829 865 871 more
879 810 1014 893 pasturam
1041 812 1109 872 haee
1125 835 1145 873 a
1167 813 1360 897 Vergiliarum
1382 840 1435 878 aa·

433 928 542 986 mmet,
566 911 641 993 quast
658 904 753 991 sponte
776 909 889 969 Ararim
905 909 934 969 in
950 909 1096 971 Gemania
1112 913 1254 990 statuerit,
1282 915 1382 998 Tigrim
1403 916 1435 975 in

439 1010 565 1072 Parthia.
604 1011 699 1087 Apage
724 1008 814 1071 fidem
837 1006 992 1083 adhibeam
1018 1009 1086 1071 vide
1105 1024 1223 1085 contra,
1251 1030 1337 1089 quam
1352 1013 1436 1078 nobi·

433 1107 470 1171 lis
482 1106 576 1171 sensus
586 1107 689 1171 evadat
700 1124 737 1168 ex
754 1104 821 1181 illa,
843 1126 929 1184 quam
946 1106 1094 1185 adscripsi,
1111 1110 1295 1188 expolitione.
1335 1112 1430 1187 Majo-

434 1224 498 1270 tem
526 1206 620 1271 adhuc
644 1205 749 1271 Sabino
783 1220 910 1268 errorem
927 1206 1069 1269 commifit
1090 1206 1211 1272 lidomt
1229 1210 1338 1288 Origin.
1362 1209 1432 1274 libr.

440 1306 524 1369 XIII.
554 1326 616 1385 cap.
635 1324 684 1368 21.
706 1303 808 1365 Araris
824 1304 932 1382 fimiter
955 1305 1130 1377 Germaniae,
1153 1309 1186 1366 de
1206 1328 1258 1390 qua
1281 1308 1433 1391 largitas.-

434 1422 487 1466 aut
503 1404 613 1467 Ararim
627 1404 750 1465 Parthus
769 1402 860 1477 biber,
886 1421 936 1462 aut
958 1403 1103 1463 Germania
1124 1404 1229 1487 ligrim.
1260 1404 1352 1465 Currit
1364 1408 1432 1467 eru'm

438 1502 525 1587 Tegris
555 1526 606 1587 prr
631 1502 773 1565 Parthiam
796 1496 991 1581 &Affyriam
1033 1497 1079 1564 Dc
1105 1503 1182 1565 mari
1207 1521 1276 1565 vero
1297 1506 1347 1581 qui
1367 1504 1433 1583 plu-

434 1602 628 1678 revaluerit,
646 1601 730 1664 adeat
744 1599 829 1663 Lloid
846 1600 878 1661 in
897 1600 973 1666 Dect
991 1601 1147 1680 geograph.
1170 1616 1291 1665 cutum.
1384 1604 1432 1667 Eu

433 1701 554 1782 Alpibus
568 1700 678 1765 derivat
701 1700 811 1763 Ararim
829 1698 930 1761 Strabo
954 1698 986 1761 L.
1001 1698 1052 1764 lv.
1070 1719 1100 1778 p.
1125 1707 1193 1770 186.
1217 1702 1246 1763 it
1270 1700 1301 1761 in
1327 1700 1432 1763 descri.

434 1801 533 1868 bondo
567 1803 629 1877 ejus
661 1798 744 1863 cursu
779 1811 902 1877 peccat,
935 1812 1049 1861 notatus
1090 1812 1241 1876 eapropter
1278 1797 1431 1868 Palmerio.

357 1912 361 1925 “
433 1901 561 1965 Demum
582 1903 649 1963 Arar
668 1900 791 1973 fluvius,
812 1896 984 1971 Plutarcho,
1007 1910 1040 1959 ut
1061 1896 1147 1975 vulgo
1168 1909 1305 1976 putatur,
1340 1900 1429 1975 teste,

405 2012 408 2019 ’
435 1999 506 2063 olim
515 2000 609 2062 diihra
619 1998 675 2061 fuit
685 1996 836 2080 erigatur.-
846 1996 879 2056 in
897 2016 955 2074 quo
968 2014 1058 2075 quum
1069 1997 1158 2059 vitam
1168 1996 1297 2059 amifiilet
1311 1998 1430 2075 quidam

434 2101 521 2174 Arar,
543 2098 628 2174 hujus
645 2114 753 2159 nomen
775 2094 918 2170 assumit,
945 2107 1086 2157 mutatum
1102 2095 1237 2174 deinceps
1253 2115 1321 2157 cum
1335 2098 1431 2157 nomi·

433 2218 474 2263 ne
495 2199 656 2273 Sauram,
686 2196 765 2275 quod
795 2196 856 2270 jam
881 2192 996 2255 saeculo
1016 2206 1117 2272 quarto
1141 2194 1219 2271 apud
1245 2194 1431 2257 Ammianum

431 2294 636 2365 Marcellinum
657 2294 760 2373 legitur
775 2293 805 2356 L.
816 2292 882 2355 XV.
896 2313 922 2354 c.
937 2312 983 2353 ιι.
1027 2292 1112 2370 Apud
1128 2291 1297 2370 Gregorium
1315 2290 1427 2355 Turon.

432 2396 537 2457 dicitur
552 2396 696 2476 Sangam
719 2394 747 2455 ἃ
762 2392 793 2451 in
810 2392 879 2453 attis
894 2391 942 2471 SS.
959 2391 987 2453 d.
1004 2409 1053 2465 25.
1075 2390 1149 2466 Maji
1164 2393 1294 2474 Segonrra.
1312 2410 1340 2453 v.
1369 2391 1431 2453 Du:

432 2510 533 2571 cange.
577 2492 711 2569 Nupetus
726 2492 845 2563 auctor,
878 2488 1045 2564 chevalier,
1078 2491 1109 2550 in
1123 2489 1237 2551 histoire
1256 2491 1293 2551 de
1312 2489 1431 2571 Poligny

432 2591 494 2670 (T.
508 2590 532 2653 l.
550 2585 694 2653 e'clairciii.
717 2584 887 2667 pte'limin.)
915 2588 1056 2651 Celticum
1073 2588 1131 2651 hoc
1156 2607 1264 2651 nomen
1291 2588 1347 2651 elie
1364 2608 1431 2667 per·

369 2744 371 2751 ,
433 2690 526 2757 hibet.
570 2690 757 2753 NuncSame
777 2701 907 2753 vocatur.
922 2688 1030 2750 Lenem
1047 2687 1128 2750 fluvii
1144 2687 1295 2750 decursum
1315 2686 1429 2767 egregie

430 2791 523 2871 pingit
535 2787 619 2854 Silius
635 2780 655 2856 l.
672 2807 698 2851 c.
724 2787 796 2851 dum
811 2786 897 2869 sirmi
904 2787 1019 2867 firtilem
1039 2787 1194 2867 praedicat
1224 2786 1262 2851 0.
1376 2848 1382 2867 ,

800 2903 1049 3056 Amphrysus

473 3112 520 3174 ubi
533 3108 659 3195 Apollo)
675 3130 703 3175 r.
718 3108 909 3175 Callimachus
933 3112 963 3175 h.
989 3111 1021 3174 in
1050 3108 1141 3192 Apoll.
1169 3128 1198 3175 ν.
1225 3122 1274 3185 48.
1294 3106 1430 3192 Virgilius

430 3212 535 3292 Georg.
558 3211 590 3274 L.
613 3209 665 3273 Ill.
692 3230 722 3277 v.
740 3228 769 3274 2.
791 3212 923 3275 Lucanus
944 3212 976 3274 Ι..
994 3211 1043 3274 Vl.
1066 3233 1094 3277 v.
1121 3220 1187 3291 3⁶7·
1216 3212 1320 3274 Statius
1347 3214 1379 3275 L.
1402 3214 1426 3277 l.

428 3308 500 3374 mlv.
533 3309 582 3371 lv.
602 3326 631 3372 v.
662 3328 728 3385 ¹05·
753 3324 890 3373 nessei..
947 3310 1013 3373 add.
1028 3310 1194 3375 scholiastes
1206 3309 1375 3373 Callimachi
1390 3310 1428 3373 ad

430 3404 492 3470 hc.
519 3407 614 3470 Schol.
637 3408 781 3486 Apollonii
804 3409 902 3474 Rhod.
927 3410 964 3472 ad
976 3410 1007 3477 L.
1022 3409 1044 3472 t
1059 3430 1087 3473 v.
1102 3430 1148 3486 54.
1169 3410 1283 3472 Servius
1311 3413 1339 3471 u
1361 3410 1429 3471 Pro.

431 3505 486 3569 but
498 3506 535 3566 ad
547 3506 624 3583 Virg.
641 3504 661 3568 l.
676 3524 702 3573 c.
739 3509 885 3585 Quoniam
905 3508 1011 3571 dehoc
1032 3528 1116 3571 amne
1138 3509 1235 3570 omnia
1250 3521 1338 3582 nota,
1354 3506 1429 3569 illud

429 3605 550 3668 unicum
563 3602 710 3667 observare
726 3605 824 3683 lubet,
842 3608 920 3685 quod
930 3621 1040 3685 praeter
1051 3606 1329 3687 Mythographorum
1349 3624 1429 3666 rece-

430 3717 512 3784 ptam
528 3702 696 3765 sententiam
710 3703 820 3777 imola?
841 3705 1030 3769 Callimachus
1053 3706 1161 3785 Hymn.
1177 3703 1323 3782 inhpoll.
1346 3722 1427 3766 nem-

430 3820 469 3882 pe
489 3799 651 3879 Apollinem
670 3801 708 3863 ad
738 3803 927 3883 Amphrysum
950 3807 1063 3868 Admeti
1093 3823 1180 3884 equas
1203 3806 1285 3881 (non
1312 3803 1427 3878 boves)

428 3899 554 3977 paviffe,
577 3918 671 3980 neque
687 3900 718 3962 id
730 3900 769 3964 ob
780 3902 916 3985 exilium,
939 3903 988 3969 sed
1002 3917 1119 3986 propter
1134 3902 1209 3968 illius
1224 3902 1426 3983 Regit,quem

427 3998 596 4080 deperibat,
617 4018 753 4066 amorem
1089 4030 1094 4035 *
