3225 5017
354 459 359 466 ¹
431 479 514 588 imi
655 491 840 560 uorsa
897 473 1215 558 crurobum

632 722 743 812 AD
810 715 1228 858 PALuDEs

824 915 1047 1004 Ambracia

479 1097 629 1181 Achaiae)
653 1099 789 1166 Simlerus
804 1093 988 1164 Acarnaniae.
1024 1099 1179 1164 Achamiae
1201 1117 1254 1178 pro
1265 1095 1436 1160 Acarnaniae
1498 1109 1499 1136 ¹

438 1211 470 1273 in
489 1209 552 1270 MS.
572 1202 703 1266 meminit
720 1199 857 1262 invenisse
879 1199 984 1264 Vlitius
1005 1201 1044 1263 ad
1061 1200 1151 1262 Gratii
1171 1218 1274 1278 cyneg.
1308 1217 1339 1259 v.
1369 1207 1435 1270 ¹84·
1498 1235 1499 1238 =

439 1328 508 1371 eum
527 1293 602 1367 vide.
639 1300 785 1364 Ambracia
816 1319 886 1360 vero
910 1299 950 1360 est
982 1299 1122 1379 oppidum
1153 1297 1351 1376 Thesprotiae.
1395 1294 1437 1356 De

439 1405 545 1486 palude
559 1401 706 1466 Ambracia
731 1397 802 1460 nibil
828 1400 951 1460 occurrit
969 1401 1028 1474 jam
1056 1397 1140 1460 mihi.
1194 1397 1238 1460 Ex
1266 1393 1439 1476 paludibus,

441 1525 513 1585 quae
534 1503 703 1566 Ambracum
724 1497 823 1561 locum
846 1499 1000 1576 quemdam
1023 1481 1190 1588 Ambraciae
1221 1491 1438 1560 munitissrmum

440 1606 577 1682 cingunt,
609 1621 666 1663 una
691 1593 806 1660 forsitan
828 1597 981 1660 Ambracia
1005 1597 1079 1658 dicta
1100 1595 1149 1657 est.
1180 1597 1268 1652 istim
1290 1589 1314 1650 δ’
1329 1595 1350 1647 ἐν
1377 1587 1438 1663 λίμ-

439 1727 490 1765 uuc
508 1702 560 1764 iste
578 1700 749 1772 Ambracus,
763 1697 832 1759 teste
843 1696 962 1775 Polybio
983 1695 1080 1758 histor.
1099 1693 1188 1758 clv.
1203 1711 1227 1755 c.
1239 1700 1289 1756 dr.
1300 1701 1440 1754 nussum

437 1838 443 1849 ·
480 1800 526 1862 De
552 1800 701 1862 Ambracia
718 1797 825 1875 palude
847 1795 896 1858 etsr
922 1796 999 1874 apud
1022 1793 1092 1856 aiios
1118 1793 1267 1872 scriptores
1295 1789 1440 1874 assumit

438 1899 602 1973 mentium,
618 1897 745 1960 sufficere
762 1912 860 1959 tamen
880 1894 1031 1974 Polybium
1049 1889 1149 1956 testem
1164 1892 1355 1966 crediderim3
1378 1891 1439 1951 Am
1499 1943 1500 1970 p

439 1997 543 2060 bracus
559 1995 758 2059 munitissrmus
776 1996 857 2058 locus
868 2041 877 2070 ‚
887 1997 918 2056 in
935 1993 1038 2056 mediis
1058 1992 1210 2073 paludibus
1225 1992 1311 2065 situs,
1325 1989 1438 2052 Ambra·
1499 1973 1500 2052 i

440 2098 518 2158 ciam
541 2095 677 2174 paludem
693 2095 808 2173 probat.
845 2093 891 2156 Ast
903 2095 1079 2155 Acamaniae
1102 2093 1181 2172 quod
1207 2091 1287 2154 istam
1303 2090 1440 2153 adscribat
1499 2103 1500 2154 s

441 2195 562 2270 Vibius,
586 2213 655 2256 nam
676 2195 802 2256 Achaiae
820 2209 919 2273 aperte
933 2191 1035 2256 falsum
1051 2192 1111 2268 est,
1137 2191 1169 2253 id
1183 2192 1267 2252 nimis
1286 2189 1347 2252 lato
1363 2189 1441 2251 sensu

440 2296 632 2374 praedicatur.
655 2294 750 2358 Trans
772 2294 952 2357 Ambracium
970 2293 1066 2356 smum
1084 2290 1253 2353 habitabant
1268 2291 1440 2361 Acarnanes,

441 2413 539 2472 neque
561 2393 725 2471 adstipulari
745 2395 860 2467 penitus
887 2389 999 2472 possum
1021 2390 1126 2466 Viitio,
1147 2393 1196 2469 qui
1220 2387 1315 2452 ierbis
1331 2389 1368 2450 ab
1376 2389 1443 2451 Hcs*

441 2489 512 2552 seiio
530 2491 718 2570 transscriptis
738 2491 852 2568 subjicit
895 2492 1139 2568 „circumjacent
1157 2492 1235 2554 enim
1260 2490 1442 2552 Ambracium

443 2586 581 2664 „finum
604 2592 818 2665 Acarnanes„
862 2591 997 2670 Polybius
1022 2591 1088 2652 sane
1111 2591 1143 2656 L.
1165 2611 1191 2656 c.
1215 2611 1240 2652 c.
1260 2597 1309 2668 63.
1353 2590 1441 2649 smum

444 2685 629 2749 Ambracium
661 2687 788 2765 separare
810 2689 929 2765 Epirum
953 2690 989 2751 ab
1024 2691 1182 2752 Acarnania
1202 2688 1298 2750 doc'et.
1344 2687 1442 2765 Itaque

443 2786 605 2846 Acarnanes
628 2787 777 2863 quidema
797 2789 917 2850 meridie
937 2787 1091 2866 cingebam
1116 2787 1302 2850 Ambracium
1333 2788 1440 2859 smum,

443 2880 534 2944 bodie
558 2880 638 2960 Golfo
654 2884 686 2942 de
703 2885 793 2944 Larsa
815 2886 862 2946 vel
882 2882 965 2965 Golfh
990 2885 1118 2957 d'Arra;
1148 2886 1187 2947 ast
1202 2886 1401 2948 Ambraciotae
1410 2885 1444 2946 ad

444 2979 671 3058 septentrionem
696 2981 864 3046 habitabant
881 2984 912 3044 in
930 2984 1101 3062 Thesprotia
1118 2984 1205 3063 Epiri.
1237 2987 1282 3047 Ad
1299 2987 1443 3047 hancnon
1500 2995 1501 3044 i

446 3079 485 3142 ad
510 3081 697 3143 Acarnaniam
713 3082 801 3144 relata
819 3084 859 3144 esi
880 3084 1028 3146 communi
1049 3083 1286 3163 Geographorum
1307 3082 1442 3146 consensu
1500 3059 1501 3114 ³

447 3178 609 3247 Ambracia.
643 3181 744 3260 Imque
759 3182 876 3245 Vibium
895 3186 922 3246 dc
941 3183 1008 3246 heic
1026 3181 1077 3246 suo
1104 3201 1185 3244 more
1212 3181 1296 3262 egisse
1325 3181 1443 3244 dixerim

449 3280 478 3339 ἃ
504 3280 542 3341 ad
562 3279 666 3343 limites
691 3284 866 3346 Acarnaniae
891 3302 952 3344 non
966 3280 1116 3346 attendisse
1135 3281 1216 3358 satis,
1249 3285 1332 3356 qu'us
1360 3279 1445 3358 negli-

448 3377 562 3454 gentiae
580 3380 755 3444 documenta
775 3380 874 3460 passim
894 3382 982 3444 dedit.
1018 3381 1125 3445 Verum
1144 3397 1204 3445 non
1232 3377 1347 3457 prorsus
1371 3377 1444 3440 omui

449 3476 609 3555 patrocinio
631 3479 790 3543 destituitur
815 3482 987 3558 sequester,
1009 3480 1187 3541 Ptolemaeus
1221 3477 1252 3540 L.
1269 3477 1321 3540 ΙΙΙ.
1354 3497 1380 3539 c.
1402 3495 1445 3548 ¹4·

450 3575 503 3638 ubi
535 3575 654 3654 Epirum
686 3580 840 3654 describit,
882 3579 1065 3642 Ambraciam
1088 3575 1283 3642 Acarnanibus
1309 3573 1442 3637 attribuit.

451 3673 496 3738 lid
517 3673 590 3739 ille:
649 3674 687 3741 'Es
710 3665 748 3752 “A
772 3673 917 3754 Ἀμμαίῳ
948 3674 1034 3754 sinay

699 3785 907 3834 succisurus

655 3865 782 3951 Ἀμίχθσυ
814 3897 871 3934 ποτ.
902 3867 1012 3943 ispania.

658 3967 808 4047 ’Λμπριιῖα

657 4064 751 4128 'mur
774 4069 830 4130 dic·
914 4109 937 4144 Α

452 4156 552 4245 loque
572 4167 611 4232 fic
629 4166 706 4232 Vibii
733 4164 833 4231 saltem
860 4154 1012 4234 sustinear
1031 4166 1101 4239 sarta
1125 4170 1199 4234 tedia
1211 4168 1273 4238 erit.
1325 4160 1446 4236 Inilisti
