3225 5017
437 478 492 572 64
624 454 628 463 ’
668 460 870 541 uornn'
910 465 1223 535 vnnronum
1260 496 1262 500 .

437 650 559 719 tandum
572 646 604 709 in
611 644 721 723 Asopos
742 634 824 700 nude,
839 651 906 696 cum
925 629 1039 694 codices
1050 628 1210 692 constanter
1226 625 1353 689 habeant
1371 647 1436 688 eae·
1517 615 1518 708 s

438 775 511 825 nos,
539 740 616 805 nosris
638 744 666 804 δι
687 741 798 819 Ampor
819 733 889 795 boni
911 729 1060 793 commatis
1085 722 1185 805 putet,
1222 726 1295 788 haec
1319 720 1436 789 effutita
1517 723 1518 786 Ϊ

438 897 462 932 „
484 842 693 913 Tandem'&c.
719 842 771 913 (v.
799 833 885 897 Corn.
916 830 953 891 de
983 827 1055 891 Pan
1081 825 1169 888 verba
1186 825 1276 887 modo
1295 825 1438 901 relata),
1517 823 1518 834 ’

437 948 518 1015 Haec
535 952 674 1005 notatam
696 930 828 1013 singulari
850 929 978 992 doonna
990 925 1056 988 sane
1073 924 1177 987 referta
1195 924 1253 1004 est,
1283 939 1316 986 ut
1328 924 1440 986 Pavum
1517 923 1518 1004 ᾖ

440 1046 556 1111 credam
590 1056 641 1119 per
673 1030 839 1114 quindecim
869 1025 1010 1090 brumales
1033 1027 1132 1086 nostes
1160 1023 1211 1103 ipfi
1243 1023 1441 1087 doctrinarum
1517 1011 1518 1030 ¹

439 1147 519 1212 Deae
535 1130 649 1202 nunriis
671 1126 747 1208 n'cn'p
763 1125 931 1193 incubuisse.
975 1124 1069 1187 Primo
1090 1120 1345 1195 enimdiscimus,
1363 1122 1440 1183 insu·
1517 1097 1518 1122 ¹

439 1246 500 1308 lam
517 1236 640 1303 Siciliam
655 1234 685 1293 in
704 1248 813 1293 oceano
834 1226 913 1289 fitam
930 1222 1003 1299 esse3
1034 1226 1062 1285 ἃ
1085 1223 1117 1282 in
1141 1240 1208 1283 eum
1228 1219 1258 1282 se
1280 1238 1440 1283 exonerate
1517 1203 1518 1252 ³

397 1406 400 1411 ,
440 1346 592 1419 Anapum,
606 1352 665 1395 non
681 1332 711 1393 in
726 1330 864 1406 majorem
878 1336 993 1403 portum
1008 1318 1224 1400 Syracusanum.
1266 1319 1344 1380 Nam
1363 1320 1438 1381 Geo-
1517 1323 1518 1346 *

439 1438 594 1523 graphice,
619 1432 698 1495 &ut
719 1431 779 1504 iam
804 1438 867 1488 tum
883 1423 1023 1485 meditans
1042 1405 1148 1481 novam
1166 1417 1305 1495 Stephani
1325 1420 1379 1492 nni
1395 1419 1438 1473 nt.
1517 1469 1518 1488 ,

368 1536 370 1540 ’
441 1557 501 1601 arm
525 1532 696 1602 editionem,
711 1526 765 1609 hic,
779 1523 904 1602 loquitur
919 1522 1014 1594 Pavo,
1035 1539 1096 1580 non
1111 1518 1244 1597 poitice3
1266 1536 1321 1594 qua
1339 1514 1437 1593 lingua
1517 1555 1518 1602 2

441 1636 508 1701 sane
528 1634 661 1696 Oceanus
676 1624 828 1703 aliquando
848 1640 925 1683 mare
944 1618 1300 1691 mediterraneumnotat,
1323 1614 1373 1677 sed
1383 1632 1438 1693 qua
1517 1613 1518 1666 s

442 1730 531 1797 semel
553 1728 641 1790 modo
662 1726 693 1785 in
716 1741 787 1785 aevo
819 1721 908 1783 utitur
938 1718 1034 1792 Pavo,
1100 1757 1436 1781 .......

444 1828 578 1897 Secundo
601 1824 734 1901 discinurs
751 1820 835 1895 ch&
850 1820 899 1880 hic
914 1831 1013 1879 notare
1037 1812 1182 1895 trajeeium.
1230 1812 1290 1892 Ego
1311 1824 1456 1890 putaram
1517 1827 1518 1842 ¹

443 1932 544 2007 respon
573 1922 651 1988 unde
672 1919 786 1997 nopsvo,
804 1918 835 1979 id
850 1931 966 1981 notaret
991 1928 1021 1977 at
1031 1915 1194 1993 giganteum
1215 1910 1295 1973 illum
1313 1910 1442 1971 sanetum
1517 1887 1518 1958 s

385 2024 389 2033 '
444 2026 594 2103 xmapspr
619 2022 747 2094 ditium,
776 2018 841 2095 quia
867 2015 976 2078 sacrum
1000 2031 1072 2075 onos
1102 2010 1229 2074 humeris
1261 2028 1312 2086 per
1332 2008 1443 2070 flumen
1517 1999 1518 2080 f

444 2125 577 2205 Jordanis
602 2115 835 2197 transportasset,
861 2113 975 2177 &sane
991 2111 1087 2171 alveus
1109 2108 1232 2190 superior
1253 2108 1345 2183 Anapi
1377 2120 1443 2183 apte
1517 2089 1518 2126 ³

446 2226 504 2291 dici
520 2223 663 2285 videretur
680 2208 903 2298 Anaposphoros,
926 2213 991 2289 quia
1007 2212 1046 2271 ita
1070 2208 1196 2270 humeris
1220 2206 1294 2284 quasi
1309 2208 1443 2283 Anapum

365 2356 369 2365 ·
446 2323 567 2386 fluvium
588 2317 726 2389 veheret,
743 2332 797 2373 nec
813 2312 985 2373 inconcinne
1002 2308 1078 2370 alvei
1103 2307 1233 2367 dicantur
1254 2307 1373 2379 veilate,
1399 2328 1445 2364 oe·
1517 2303 1518 2330 ¹

447 2422 506 2483 here
528 2437 625 2498 aquas.
682 2411 781 2473 Tertio
800 2409 869 2470 hinc
886 2409 1035 2481 discimus,
1064 2407 1186 2467 Graecos
1202 2404 1292 2473 solere
1315 2405 1442 2481 integra,

447 2538 509 2603 non
525 2514 555 2575 in
568 2514 625 2574 sine
641 2511 747 2585 fratta,
761 2507 901 2570 vocabula
917 2524 1106 2584 componere3
1122 2522 1207 2581 quare
1218 2500 1332 2564 codices
1343 2521 1443 2561 omnes
1517 2519 1518 2526 ¹

451 2625 601 2691 corruptos
616 2622 688 2688 puto
706 2608 736 2668 in
755 2625 829 2667 voce
851 2606 1000 2681 sompho
1022 2602 1210 2668 &similibus
1254 2602 1445 2664 Scribendom
1517 2571 1518 2600 1

450 2704 529 2779 enim
545 2706 721 2783 Korosvo'p&
738 2718 771 2769 ut
785 2703 971 2780 Kianos-pipi,
987 2701 1024 2766 fic
1043 2703 1119 2763 enim
1136 2720 1250 2780 quoque
1265 2698 1356 2778 ipsum
1373 2694 1446 2760 iliud

447 2808 602 2887 papho,
617 2804 655 2865 fic
671 2802 839 2879 nauarcho*
858 2802 887 2862 ἃ
907 2802 1071 2876 reserabo*
1087 2799 1186 2863 &alia
1212 2797 1398 2861 o’ortvrrus:
1417 2801 1446 2858 in
1517 2789 1518 2806 ³

451 2908 548 2971 critica
562 2924 653 2966 vanno
665 2921 694 2979 p.
715 2918 750 2978 71
762 2897 803 2977 sq.'
866 2898 900 2961 lo
917 2897 982 2959 loco
993 2898 1091 2960 vitiato
1107 2901 1189 2961 &tot
1206 2877 1355 2958 dodiorum
1371 2898 1447 2957 viro·
1517 2915 1518 2954 v

448 3000 694 3078 rumconjetturis
717 3012 822 3060 vexato
841 2995 871 3059 id
887 2997 976 3059 modo
989 2994 1070 3060 nobis
1092 2994 1182 3059 licere
1190 2995 1340 3071 duximus,
1364 2997 1445 3075 quod
1517 3061 1518 3070 χ

451 3104 565 3169 codices
583 3098 677 3177 scripti
688 3110 813 3162 tuentur.
837 3096 936 3174 ltaque
953 3100 1048 3157 Ancus
1066 3096 1242 3176 reposuimus
1257 3116 1309 3173 pro
1321 3098 1444 3171 Anecus,
1517 3077 1518 3084 ἵ

450 3202 580 3281 reliqua,
597 3212 630 3261 ut
645 3196 779 3275 leguntur
796 3197 826 3255 in
847 3197 972 3257 editione
991 3195 1123 3273 Hesselii,
1142 3195 1314 3260 servavimus
1332 3195 1444 3255 eadem.
1517 3185 1518 3190 ’

451 3302 557 3378 Neque
570 3296 717 3359 Cluverius
732 3292 796 3357 heic
814 3290 905 3357 ullam'
923 3291 1066 3356 medelam
1086 3291 1186 3357 afferre
1199 3292 1274 3355 maso
1288 3287 1328 3354 est
1342 3292 1448 3362 ausus,

452 3400 513 3459 imo
527 3416 626 3474 parum
637 3395 730 3468 abest,
746 3396 816 3473 quin
834 3393 949 3470 locum,
966 3393 1054 3472 qualis
1067 3408 1166 3469 extat,
1183 3393 1232 3459 suo
1257 3390 1367 3454 calculo
1383 3410 1450 3469 pro-

452 3496 513 3565 bet.
527 3494 569 3555 Ita
585 3493 631 3552 isle
643 3492 697 3555 Sic.
716 3505 773 3557 ant.
796 3492 827 3574 L,
840 3492 864 3558 Ι.
876 3513 901 3554 c.
916 3512 962 3570 ¹3·
977 3513 1005 3571 p.
1023 3502 1088 3566 176.
1132 3538 1155 3569 „
1170 3494 1284 3571 Anapus
1302 3492 1449 3568 hodieque

369 3658 378 3667 ,
453 3641 475 3675 ,,
499 3607 627 3669 tempore
640 3591 744 3667 aestivo
763 3589 828 3652 vll.
845 3591 955 3652 circiter
974 3590 1098 3653 missibus
1111 3590 1240 3670 passuum
1255 3590 1290 3653 ab
1302 3589 1372 3650 ostio
1390 3571 1449 3648 sese

451 3740 476 3775 ‚,
498 3691 632 3755 cuniculo
654 3688 781 3751 condens
799 3687 862 3767 post
877 3686 911 3754 V.
935 3692 1051 3751 tandem
1072 3684 1451 3765 milliarenascitup31impi-

454 3841 477 3876 ‚,
501 3790 673 3869 diffimisque
691 3788 759 3849 hinc
786 3786 865 3865 aquis
878 3801 962 3865 atque
985 3788 1138 3867 profundis
1164 3790 1194 3849 in
1218 3806 1295 3847 mare
1317 3783 1450 3845 devolvi·
1517 3813 1518 3822 ι

339 3924 342 3933 ’
456 3940 477 3975 ,,
502 3890 557 3957 tur.
601 3886 747 3953 Vocabula
770 3886 817 3949 isla
833 3890 894 3963 ejus
909 3888 985 3966 apud
1008 3876 1123 3949 Vibium
1151 3886 1273 3965 plurima
1301 3878 1343 3945 sui
1368 3894 1451 3961 parte
1517 3955 1518 3964 ἵ

456 4037 479 4077 „
501 3990 555 4056 effe
571 3990 684 4069 vitiata,
709 3988 767 4065 jnm
784 3986 893 4051 dudum
914 3986 1043 4066 suspicati
1065 3986 1131 4064 sunt
1148 3986 1201 4051 viri
1221 3982 1309 4047 dont.
1400 3980 1454 4057 Su·
1517 3987 1518 4066 J

1341 4161 1344 4168 ,
1355 4104 1452 4184 perior
1486 4127 1489 4132 ·
