3225 5017
482 495 565 564 -itn
606 447 882 567 'MONTE-i
942 541 946 548 -
1087 513 1168 606 349

154 657 328 730 Parnasium
344 663 373 726 de
390 661 737 742 Pindnmprocurrebant
758 665 887 729 maxime
911 667 1005 734 sersus
1025 669 1168 738 Thermo.

152 764 263 843 pylas,
296 762 403 824 Oetam
435 775 565 824 montem
592 764 812 828 constituebant.
858 767 922 830 Pars
952 773 1013 846 ejus
1047 788 1167 838 vocatus

154 860 365 935 wippo,
387 860 452 938 iplis
471 862 626 923 imminens
649 859 741 919 virne
763 863 821 924 five
841 867 983 944 anguillis.
1015 869 1068 932 Ista
1091 874 1165 943 Stra·

155 959 247 1022 bonis
264 960 427 1021 maximam
445 976 554 1037 portem
578 962 692 1038 repetiit
709 962 805 1024 Livius
829 965 859 1026 L.
888 965 1031 1030 XXXVI.
1066 989 1091 1031 c.
1113 989 1160 1044 ις.

154 1063 208 1140 qui
228 1059 271 1119 ibi
287 1080 368 1118 marn
389 1054 437 1134 effe
459 1058 600 1120 nrt'litmenr
629 1061 703 1118 uiam
729 1061 828 1137 addit,
862 1083 915 1144 qua
942 1066 1076 1128 exercitus
1105 1085 1163 1128 tra-

154 1160 226 1220 duci
240 1151 349 1241 poffmt.
390 1156 524 1219 Herculis
546 1159 577 1218 in
604 1177 640 1218 eo
662 1173 760 1220 monte
787 1149 947 1224 combustio
971 1167 1047 1242 apud
1075 1167 1164 1246 Hygi.

153 1279 233 1322 nunt
255 1257 306 1318 sab
335 1263 382 1328 3⁶·
398 1255 444 1317 sat
458 1255 521 1318 fuse
543 1270 678 1318 narratur.
715 1259 816 1318 indura
837 1256 947 1331 scilicet
979 1264 1046 1344 vesle
1080 1266 1163 1340 cintia

151 1357 284 1419 centauri
296 1353 373 1432 Neffi
378 1350 511 1438 sarrgttt'ne
524 1354 552 1414 (e
564 1350 692 1432 subnr'ffa
700 1357 756 1436 fiii
773 1361 809 1417 ab
821 1347 909 1434 inscia
928 1359 994 1419 mali
1014 1359 1165 1441 Deianira,

143 1459 248 1542 statim
259 1463 381 1537 flagrare
397 1451 531 1513 Hercules
557 1455 655 1539 coepit¹
676 1455 736 1536 Qui
757 1474 818 1516 eran
836 1450 869 1532 se
898 1458 926 1517 in
950 1459 1051 1536 flumen
1070 1458 1162 1540 eonje·

151 1553 251 1634 ciffet,
284 1570 316 1612 at
344 1553 464 1613 ardorem
490 1552 670 1635 extingueret,
704 1552 791 1636 major
816 1556 930 1633 flamna
955 1559 1056 1619 exibat.
1101 1561 1162 1630 Dep

150 1677 225 1717 mere
244 1671 335 1713 autem
349 1671 427 1732 qttuen
447 1650 530 1710 uellet
540 1693 552 1720 ,
582 1646 686 1724 uiscera
699 1647 928 1732 sequebatiursz
948 1693 960 1708 -
980 1689 993 1702 -
1019 1657 1047 1717 T
1043 1678 1095 1717 unc
1116 1659 1159 1717 di-
1202 1711 1205 1724 ‚

151 1757 232 1814 citur
250 1749 409 1812 Philoneres
424 1750 555 1808 Poeantis
562 1749 646 1826 silius
662 1769 763 1830 pyram
778 1752 806 1809 in
826 1769 911 1812 monte
932 1753 1033 1814 Oetaeo
1047 1757 1159 1838 confim-

150 1847 224 1929 xiffe
245 1847 381 1916 Herculi,
405 1867 512 1927 euinque
531 1842 676 1923 accendrffi
695 1847 896 1913 mortalitatem.
920 1851 957 1912 cf.
991 1855 1019 1913 dt
1041 1853 1159 1930 Apollo·

150 1955 245 2015 dorus
276 1948 306 2009 L.
330 1945 367 2008 ll.
411 1945 535 2024 Lugubri
550 1961 721 2023 argumento
742 1946 782 2009 usr
803 1965 821 2008 c
842 1947 957 2011 Graccis
977 1951 1155 2030 Sophocles,

150 2073 167 2114 e
192 2049 303 2112 Latinis
326 2047 452 2120 Seneca3
475 2043 525 2105 iste
543 2045 574 2104 in
599 2042 754 2113 apennine,
782 2045 831 2106 hic
847 2047 878 2106 in
892 2044 1018 2110 Hercule
1032 2051 1152 2115 Oetaeo.

150 2150 307 2214 Creditum
325 2163 440 2223 quoque
454 2145 483 2204 in
503 2143 600 2222 figuris
616 2133 847 2220 prominentibus
859 2127 987 2222 szophori
1008 2153 1068 2222 ejus
1082 2167 1151 2210 con-

148 2247 244 2328 spici,
267 2264 325 2323 quo
339 2242 426 2322 vulgo
454 2243 530 2304 ditia
555 2241 689 2304 Herculis
725 2242 855 2306 Lucerna
877 2243 996 2306 Athenis
1016 2241 1153 2324 superbia

149 2351 271 2412 Vanum
293 2343 322 2404 id
340 2341 414 2416 elle,
444 2341 582 2404 Stuartius
613 2340 720 2419 Anglus
743 2342 774 2401 in
797 2328 905 2404 enimin
938 2357 1026 2421 opere
1041 2357 1157 2408 mono·

149 2460 319 2510 mentorum
356 2440 569 2503 athenienlium
591 2438 816 2502 demonstratum
846 2441 921 2516 ivit,
953 2442 1152 2522 ostenditque,

147 2545 321 2612 aedilicium
336 2541 429 2619 ipsum
453 2539 639 2618 Choragicarn
667 2539 813 2617 Lystcratis
841 2539 999 2602 aediculam
1023 2541 1101 2618 elica
1122 2544 1157 2606 itt

147 2649 235 2723 cujus
267 2641 397 2720 zophoro
420 2641 527 2717 piratae
551 2657 567 2699 a
585 2637 700 2700 Baccho
721 2639 752 2699 in
777 2637 937 2716 Delphines
957 2641 1086 2702 converit
1101 2673 1103 2682 v
1119 2641 1153 2702 li.¹

145 2749 281 2813 icantur,
305 2739 416 2818 prorsus
435 2757 472 2799 eo
490 2738 602 2811 modo,
627 2757 685 2814 quo
713 2757 775 2799 rem
804 2751 920 2799 narrant
942 2737 1085 2801 Homerus
1120 2740 1152 2802 in

144 2849 264 2924 hymno
281 2844 311 2902 in
326 2830 507 2903 Bacchum&
522 2829 645 2900 Ouidius
666 2852 783 2899 metam.
794 2836 891 2899 tsllt..
906 2857 939 2903 vs
952 2855 1019 2916 577.
1039 2837 1149 2910 Oetae,

144 2955 236 3026 quam
257 2941 308 3003 suo
326 2957 406 3001 more
420 2937 610 3001 Macedoniae
632 2935 764 2998 adscribit
786 2935 985 3010 Ptolemaeus,
1010 2932 1155 2999 nuncnoss

144 3063 217 3106 men
242 3039 299 3100 elie
319 3038 427 3098 Bunina
447 3037 558 3098 volunt
587 3055 614 3099 v.
634 3035 780 3110 Ortelius,
811 3037 868 3113 'qui
884 3039 912 3097 dr
926 3033 1073 3109 observat,
1101 3041 1149 3098 ur·¹

143 3144 215 3204 bem
238 3139 270 3200 in
290 3156 328 3200 eo
354 3140 444 3199 tractu
462 3136 630 3207 memorari,
651 3135 683 3194 in
704 3137 787 3209 cujus
813 3132 1078 3196 rei-testimonium.
1095 3151 1150 3210 pos

143 3256 221 3305 terat
234 3232 345 3316 praeter
364 3225 547 3299 Antoninum·
561 3232 718 3296 Liberalem
734 3248 799 3309 cap.
823 3249 870 3308 aa.
887 3229 1066 3308 Stephanum
1078 3249 1150 3308 quo·

144 3359 203 3421 que
223 3339 294 3417 Byz.
322 3336 463 3409 excitare,
488 3334 537 3413 qui
557 3333 638 3395 simul
665 3329 916 3396 incolas'Oetaeos
935 3327 1026 3390 didius
1040 3327 1149 3413 tradit,
1277 3391 1281 3400 ,

143 3439 225 3520 quod
251 3456 288 3498 ex
307 3436 445 3498 historicis
465 3432 647 3511 scriptoribus
672 3430 736 3492 satis
755 3428 913 3507 cognitum.
952 3428 1147 3492 Nominantur
1246 3471 1247 3476 η

142 3544 171 3604 ἃ
196 3537 301 3601 Oetaei
326 3548 440 3597 montes
460 3538 488 3596 dt
515 3531 631 3603 sutus„
654 3530 694 3593 Ο.

572 3695 732 3830 Othrys

188 3899 351 3974 Threciae)
369 3847 593 3976 legendnmest
610 3889 773 3972 missine,
783 3839 1023 3958 netemmuncm
1040 3853 1145 3956 briem

138 4003 263 4065 tentiam
288 4013 443 4077 peccetur:
466 4014 590 4072 mmqsse
608 4015 626 4057 a
648 3991 803 4056 scholiastes
821 3987 965 4069 Apollonii
985 3982 1082 4056 Rhod.
1106 3979 1143 4052 ad

137 4101 173 4164 L.
188 4099 227 4163 ll.
259 4119 286 4164 u.
314 4117 384 4178 517.
403 4092 613 4172 andit,‚.'otm
639 4092 705 4174 ipo»
719 4085 873 4158 annedae,
892 4083 1004 4160 idatii,
1025 4079 1063 4146 ab
1080 4077 1142 4144 aliis
