3225 5017
1083 431 1089 447 ἱ

375 439 379 449 “
473 449 558 514 xD‘
614 443 833 510 Moutts
1041 449 1156 548 '335

175 617 206 682 ln
231 613 334 691 Gauro,
353 611 503 678 Mallicum
520 615 550 675 tlt
575 607 728 674 Falernum
750 609 825 672 duos
846 607 955 672 habent
976 623 1090 677 montes
1117 605 1161 680 δι’·

176 716 276 785 versos,
295 715 360 777 licet
383 713 543 792 contiguos.
574 711 682 772 Verum
697 723 794 770 tamen
816 707 856 768 elt
869 707 1010 788 ,sequiori
1029 726 1160 794 tempore

174 813 322 895 promiscue
339 813 464 875 eundem
490 822 622 873 montem
636 809 788 871 salutatum
814 806 871 868 elle
903 809 1097 876 &Mallrcum
1130 818 1160 879 ἀ

175 911 323 974 Falernum.
360 909 500 974 Martialis
523 923 621 988 aperte
640 907 795 973 Falernum
817 891 949 970 monteln
968 912 1099 975 nominat
1123 914 1159 982 L.

176 1005 236 1072 xx.
269 1029 313 1088 en·
340 1029 388 1088 tr·

285 1109 345 1166 Nec
369 1108 398 1167 in
412 1105 527 1168 Falerno
657 1102 744 1186 major
762 1122 918 1172 autumnus,

174 1203 346 1285 Philargyrius
367 1207 509 1269 etiamad
529 1205 678 1285 Virgilium
699 1203 803 1283 Georg.
827 1203 857 1269 L.
880 1203 916 1266 11.
940 1225 969 1272 ι.
986 1224 1054 1287 143.

378 1341 392 1358 ·
472 1343 485 1358 -
524 1304 631 1365 Bacclt'
645 1301 782 1380 Maffifus
802 1303 897 1363 tunna

174 1401 227 1464 lic:
251 1404 343 1464 Vinum
358 1426 378 1464 a
394 1403 526 1464 onomius
542 1401 688 1477 Falernis,
707 1402 753 1482 qui
776 1399 888 1478 Maffici
907 1401 1042 1469 dicuntur.
1083 1405 1158 1484 Ager

173 1499 215 1560 ille
234 1501 361 1566 Falernus
378 1502 449 1565 olim
467 1502 561 1564 fuerat
580 1499 727 1563 Ausonum
749 1501 777 1562 &
799 1500 1019 1575 Auruncorum,
1061 1504 1157 1580 postea

174 1597 330 1678 Campaniae
351 1601 521 1675 attributus,
543 1620 599 1679 qua
625 1600 662 1660 de
689 1617 720 1660 re
750 1597 1049 1660 conferenduscam.
1077 1601 1159 1664 Pete·

174 1698 257 1772 gn'nus
274 1700 293 1761 l.
314 1721 339 1763 c.
369 1701 414 1763 nd
433 1714 595 1761 extremum
619 1699 726 1758 montis
740 1694 853 1758 maffici
876 1695 972 1757 versus
1001 1717 1078 1760 mare
1108 1708 1183 1784 οιι.’1

175 1795 272 1859 cursum
288 1799 413 1862 Sinueffa
432 1799 483 1862 fita
500 1797 724 1862 frtunatus
744 1794 776 1856 L.
799 1794 900 1856 XXll.
925 1815 951 1855 c.
971 1815 1015 1869 ¹4·
1034 1797 1072 1858 cf.
1091 1798 1158 1861 Clu·

175 1894 255 1956 verius
267 1897 329 1962 ltal.
347 1911 408 1961 ant.
418 1897 451 1960 L.
462 1897 511 1960 lv.
525 1916 549 1958 c.
569 1917 593 1971 ς.
607 1895 692 1956 Unde
703 1897 731 1956 ἂ
742 1892 882 1955 Martialis
891 1894 921 1955 L.
933 1892 1015 1956 Xlll.
1028 1914 1074 1974 ep.
1087 1911 1154 1960 ιιι.

281 2025 327 2081 De
352 2017 516 2098 Snmffanis
532 2037 658 2080 uenerunt
681 2015 802 2095 Maffica
817 2016 932 2099 praelis.

175 2136 325 2223 intelligitur
340 2148 432 2222 hinc,
470 2158 611 2225 quantum
637 2141 775 2204 abludunt
802 2159 820 2200 a
845 2143 925 2202 retlo
949 2141 1080 2218 tramite,
1107 2144 1157 2221 qui
1178 2206 1183 2216 ‚

175 2244 297 2308 nonsatis
313 2267 329 2309 a
345 2249 444 2310 Gauro
465 2242 641 2323 distinguunt
660 2240 765 2309 illum,
800 2239 879 2316 quod
906 2237 1023 2316 quitlem
1053 2241 1158 2326 accidit

174 2334 210 2402 Fl
224 2341 325 2406 Blondo
342 2349 376 2407 in
397 2345 476 2408 Italia
506 2343 660 2410 illustrata,
698 2340 748 2401 ubi
774 2338 870 2399 haec:
913 2377 936 2412 „
949 2337 1038 2400 Mons
1062 2358 1155 2416 vero,

175 2473 194 2505 n
211 2444 341 2514 praeditto
361 2445 436 2506 Liris
453 2443 524 2504 ostio
535 2445 566 2502 in
582 2438 754 2518 Campaniae
767 2438 850 2498 initio
863 2436 1041 2514 proximior,
1065 2439 1156 2501 varias

175 2569 192 2604 n
211 2538 234 2595 li
253 2541 323 2603 farm
342 2542 472 2605 celebres
490 2542 577 2602 habet
597 2538 829 2610 nominationes;
870 2536 918 2612 qui
943 2534 1046 2598 alicubi
1079 2537 1155 2602 Gau·

175 2671 192 2703 n
209 2653 270 2709 rus,
291 2641 397 2706 alicubi
419 2639 553 2704 Mallicus
577 2642 633 2701 &u
657 2640 749 2714 Atque
765 2635 845 2695 idem
862 2649 898 2692 ex
921 2631 983 2710 ipso
1014 2636 1155 2712 repetiere

175 2728 220 2792 alii.
240 2737 359 2804 Gaurum
385 2739 466 2803 fuille
491 2741 529 2802 ad
551 2737 684 2800 Puteolos
707 2737 736 2797 &
759 2733 866 2796 Cumas
900 2749 936 2792 ex
964 2731 997 2792 iis
1027 2732 1154 2810 constat,

174 2847 233 2903 luae
245 2834 322 2915 supra
336 2842 507 2914 docuimus,
530 2836 664 2902 Mallium
683 2856 699 2896 a
719 2831 846 2896 Sinuella
865 2831 1012 2908 incipit&
1037 2832 1156 2898 dorsum

173 2925 241 2994 suum
257 2938 292 2998 ad
310 2938 520 3018 septentriones
543 2936 691 3016 protendit
709 2936 738 2996 ἃ
754 2946 851 2995 ortum
868 2929 947 2992 solis.
983 2928 1026 2990 Ex
1046 2930 1095 2992 illa
1113 2931 1158 2992 di.

172 3026 255 3093 llautia
274 3042 417 3101 montium
431 3037 615 3117 intelligimus
634 3033 720 3097 verba
744 3033 826 3095 Statii
845 3030 885 3092 ·L.
903 3029 951 3091 lV.
975 3029 1036 3090 silv.
1066 3019 1153 3094 sarm.

176 3142 198 3201 l·
217 3150 243 3191 v·
259 3141 306 3212 ⁶3.
329 3138 380 3200 ubi
396 3139 433 3198 de
452 3157 528 3198 nova
547 3138 593 3197 via
608 3131 810 3196 a‘uomttiano
837 3129 919 3190 strata
953 3127 1038 3188 verba
1065 3128 1152 3192 facit:

282 3262 375 3341 Atque
401 3261 485 3346 echo,
503 3257 587 3340 sunul
612 3259 673 3318 linc
696 3257 723 3318 ὸ
745 3255 807 3315 inte
815 3250 954 3331 statiani,

285 3361 377 3418 Gauro
405 3355 539 3437 Maffictts
562 3352 648 3436 uvifer
661 3355 791 3419 'remittit
847 3373 850 3382 ⁴

174 3472 246 3539 Porro
272 3482 381 3546 Gaurus
408 3475 497 3545 h'odie
519 3497 636 3545 vocatur
654 3479 676 3539 il
699 3497 785 3540 monte
809 3475 956 3554 Barbar03
995 3475 1152 3556 molliens,

173 3572 287 3639 ¹'lurtmte
301 3577 398 3658 Marso
421 3583 468 3644 vel
489 3581 633 3657 Marfico,
658 3577 938 3658 &promunturium
962 3576 1011 3652 id,
1034 3577 1071 3637 de
1096 3597 1154 3654 quo

173 3669 300 3752 diximus,
322 3682 400 3758 quod
421 3683 458 3743 ad
474 3679 629 3744 Sinuellam
653 3679 824 3742 excurrebat
840 3679 870 3738 in
899 3695 999 3750 mate,
1021 3673 1044 3731 il
1068 3693 1154 3758 monte

172 3768 409 3859 &Dragone-vel
423 3783 516 3840 Rosea
532 3781 562 3842 di
584 3779 778 3862 Mondragone.
819 3777 1056 3854 spetiantutque,
1084 3772 1154 3840 telle

171 3863 308 3951 Cluverio,
330 3878 472 3940 Sinuellae
491 3880 591 3940 rudera
616 3878 666 3940 sub
690 3879 774 3941 undis
793 3875 908 3936 marinis
926 3873 962 3932 ad
985 3867 1077 3947 ipsum
1107 3889 1153 3940 ca.

172 3963 269 4034 litllum
294 3981 405 4041 montis·
416 3979 562 4041 Draconis.
595 3979 697 4055 Neque
718 3977 839 4049 vinum,
862 3967 998 4049 quodibi
1019 3963 1155 4066 noscebas

174 4073 212 4132 lus
229 4069 311 4150 olim,
333 4070 419 4140 hodie
436 4076 568 4140 defecille
592 4077 751 4155 putandum
768 4075 817 4171 eli.
885 4071 954 4132 Ben.
982 4064 1134 4130 Falconus
1147 4108 1165 4158 ρ
