3225 5017
468 421 540 490 ou
600 416 856 483 nuumrrvrr
1083 426 1166 508 207

165 592 194 650 ct
215 583 247 647 id
273 580 422 651 commodi
444 580 528 645 nobie
543 578 684 659 praestant
698 590 817 649 tamen,
838 587 872 639 ut
899 579 977 641 rotie
998 578 1080 660 supra
1101 602 1167 665 pag.

165 690 213 748 ⁶⁶.
233 681 358 743 Alaclrr'n
380 684 412 743 in
439 678 544 743 Aron
566 678 612 742 vel
639 677 749 741 Alabon
771 675 943 740 convertiffe
961 698 1017 741 ooo
1047 683 1167 747 constet.

166 782 242 859 Quin
273 780 404 841 Triocala
421 778 576 858 legendum
590 776 642 852 srt,
663 795 723 837 non
739 774 851 838 dubito.
883 776 940 839 Etsr
961 779 1039 840 enim
1066 782 1167 861 oppidi

164 881 273 953 modo,
295 899 356 940 non
373 882 401 942 dr
418 878 562 952 fluminis,
578 877 608 937 id
623 894 731 955 numen
751 887 900 951 occurrat,
922 878 1058 941 novimus
1079 880 1168 943 &vel

164 976 277 1039 Casilini
304 977 438 1056 exemplo
460 977 636 1039 ostendimus
651 1020 660 1051 ,
678 973 857 1053 sequioribus
875 974 994 1039 saeculis
1016 978 1101 1043 orbec
1113 981 1169 1043 fre·

162 1090 285 1153 quenter
307 1076 418 1153 fluviis,
441 1076 544 1155 quibus
557 1094 692 1153 aquarum
717 1076 831 1151 copiam
852 1074 1017 1152 debebant,
1047 1082 1167 1143 nomina

163 1173 211 1236 sua
226 1174 377 1241 mutuasse.
413 1176 517 1253 Neque
533 1174 710 1237 credendum
730 1173 789 1249 est,
806 1172 884 1237 Vibii
897 1176 1063 1239 industriam
1074 1173 1168 1253 ilberti

164 1274 269 1349 amnis,
305 1292 393 1351 quern
408 1274 506 1351 ignara
521 1271 699 1334 librariorum
720 1271 872 1349 plebecula
888 1292 957 1337 corn
982 1278 1088 1338 notiori
1114 1299 1168 1341 no·

167 1373 243 1433 mine
259 1366 352 1448 Affirrt'
374 1372 524 1447 confudit,
545 1372 724 1433 mentionem
741 1372 965 1449 praetermifille.
1010 1376 1076 1437 Nec
1097 1397 1167 1441 vero

169 1467 236 1530 haec
256 1472 423 1545 conjectura
438 1488 502 1531 mea
518 1470 675 1548 impediet,
702 1490 760 1549 quo
777 1472 874 1533 minuo
899 1473 930 1532 in
945 1474 1096 1537 rectiorem
1106 1478 1168 1554 pla·

167 1565 351 1645 uioremque,
374 1567 476 1646 siquis
495 1568 569 1631 forte
597 1568 816 1647 suppeditarit,
854 1569 1024 1635 sententiam
1063 1576 1167 1641 lobene
1195 1578 1199 1584 ’

168 1663 320 1731 discedam.
344 1666 407 1729 Imo
428 1686 497 1729 vero
519 1667 573 1729 alia
590 1668 661 1729 mihi
676 1667 727 1745 iplr
750 1666 871 1745 sulpicio
893 1672 999 1731 exinde
1019 1672 1166 1751 oboritur,

168 1765 242 1841 quo'd
259 1764 312 1826 soli
334 1766 496 1829 Ptolemaeo
515 1766 628 1825 Islurus
647 1767 670 1827 is
683 1767 775 1827 amnis
793 1781 899 1843 notus,
918 1789 1005 1846 quem
1017 1770 1168 1836 Cluverius

168 1862 218 1924 Sic.
234 1877 297 1929 ant.
323 1862 438 1927 L.1.c.
460 1876 505 1936 18.
526 1864 612 1943 fiume
635 1867 665 1923 di
681 1864 759 1926 calta
785 1865 908 1927 Bellona
936 1868 1049 1934 salutari
1079 1872 1169 1935 hodie

168 1962 258 2023 tradit.
293 1962 363 2038 Ejus
380 1962 446 2025 loco
464 1965 541 2043 apud
566 1965 704 2042 Stephani
727 1966 948 2045 epitomatorem
972 1972 1097 2033 occurrit
1118 1972 1169 2033 Co·

164 2052 264 2141 symm
281 2064 331 2125 Ubi
353 2063 409 2129 fic}
427 2063 561 2141 Κᾶσνρῶι,
584 2062 652 2125 »ἶσος
681 2058 745 2120 mid
762 2062 919 2129 Ernrob'rbtr
940 2072 967 2138 19
989 2068 1105 2132 Σιιιλίας
1120 2094 1168 2127 m.

168 2170 243 2237 reple
264 2171 289 2237 29
316 2163 384 2226 olm,
405 2156 549 2235 lulum&
564 2162 618 2223 uc.
645 2160 729 2223 Unde
751 2160 907 2239 legendum
925 2163 1001 2226 foret
1016 2168 1093 2243 apud
1114 2189 1170 2229 no·
1230 2171 1234 2187 '

110 2260 111 2309 ἶ
170 2264 253 2325 strum
280 2260 430 2332 Triocala,
454 2258 501 2341 qui
523 2254 689 2341 &Cosyrae
717 2260 810 2337 atque
824 2259 882 2323 hoc
900 2264 990 2340 magis
1007 2266 1093 2326 etiam
1108 2285 1170 2327 cor.

169 2362 307 2440 ruptelam
329 2364 407 2424 vocis
428 2362 458 2421 in
480 2354 594 2437 Afflmrs
617 2358 712 2421 versae
731 2357 887 2421 excusaret.
916 2358 1027 2423 Verum
1045 2350 1169 2427 Ber'kelit

110 2454 113 2559 l
171 2482 252 2541 opera
266 2464 286 2524 lr
302 2466 378 2524 tetre
398 2463 432 2523 srt
453 2460 621 2523 emendatus
640 2458 777 2537 Stephani
793 2458 897 2534 locus,
921 2457 959 2521 lte
973 2480 1052 2523 nunc
1068 2460 1166 2542 legen·

111 2566 113 2651 j
170 2562 238 2632 dus,
259 2566 395 2638 Κέσυρῶι,
417 2559 486 2621 riou
507 2554 574 2620 ulai
595 2554 753 2621 zemor‘rbor
777 2556 823 2620 ‘tir
848 2556 966 2655 ”im
992 2563 1169 2635 coloprini}
1265 2584 1276 2604 ²

111 2656 113 2737 ’ᾗ
170 2663 233 2723 alm
258 2656 401 2734 &pompm
429 2661 484 2721 dre.
507 2670 570 2721 tum
604 2656 734 2735 profedo
759 2655 883 2727 nunciuo
915 2646 984 2719 huic
1007 2658 1168 2733 admodum

112 2766 113 2771 ’
170 2758 318 2822 verosimili
338 2760 518 2835 conjeiburae
533 2757 699 2820 mittendus.
716 2754 850 2818 Triocala
866 2756 944 2834 apud
959 2754 1168 2834 Ptolemaeum,

172 2862 328 2939 intercepta
348 2858 461 2934 littera,
486 2859 593 2933 rprlme
622 2856 764 2917 dicuntur.
789 2854 952 2933 Stephanos
973 2849 1103 2941 Telum
1136 2859 1170 2920 ἀ

112 2936 114 3021 l
171 2957 290 3029 relano
319 2973 425 3029 vocat,
445 2962 471 3021 dr
495 2956 601 3036 gentile
623 2954 820 3015 Tritolinorum
833 2972 943 3015 nomen
955 2953 1045 3015 addit.
1065 2952 1168 3017 Cicero

113 3046 118 3104 ³·
172 3060 199 3119 in
212 3060 331 3122 Verrem
341 3060 396 3119 acb.
407 3056 441 3117 V.
458 3054 619 3116 Tricalioum
628 3053 726 3117 lucum
742 3053 851 3117 salutat
866 3053 904 3115 ef.
919 3051 1069 3115 Cluverius
1082 3055 1116 3119 1.
1126 3052 1167 3115 Il.

113 3160 114 3173 ¹
173 3177 196 3223 c.
218 3178 264 3224 12.
293 3158 417 3220 Unicum
439 3155 524 3218 addo.
547 3154 700 3239 Boccacius
717 3172 833 3233 quoque
848 3150 967 3230 peffime
996 3150 1075 3213 hunc
1099 3152 1172 3220 arti·¹

175 3256 264 3319 culum
280 3269 426 3319 mutuatus
440 3253 479 3315 est
501 3274 518 3315 a
536 3252 631 3318 Vibio.
653 3252 681 3317 Is
696 3253 752 3315 ita:
781 3249 907 3333 Triopolo
919 3294 930 3327 ,
940 3250 988 3331 qui
1002 3250 1030 3311 6·
1043 3244 1168 3331 Affolur,

174 3354 269 3428 lbrvr'us
292 3358 331 3439 ejl
354 3352 438 3434 juxta
456 3352 716 3435 albomagoreusrum.
761 3350 799 3413 O.

585 3530 745 3617 Turnus
761 3520 763 3527 J

216 3750 274 3813 MS.
293 3750 365 3813 Rev.
392 3726 516 3827 lernam
550 3762 581 3811 at
598 3749 648 3811 hic
667 3749 759 3811 amnis
785 3747 825 3810 est
842 3747 1000 3812 Sardiniae.
1029 3757 1169 3807 nestro.

181 3844 264 3923 liuius
282 3848 374 3913 Turni
391 3847 527 3909 Umbriae
546 3848 625 3910 fluvii
641 3866 727 3910 nemo
747 3848 802 3925 est,
819 3850 867 3927 qui
885 3844 1055 3908 meminerit.
1113 3843 1170 3903 Vc·

183 3964 239 4007 rum
257 3950 284 4008 io
299 3947 446 4011 Ardeatino
456 3941 556 4029 frigidi
568 3944 661 4027 sontes
674 3942 761 4023 sunt,
784 3993 793 4011 .
817 3992 827 4009 .
849 3990 858 4008 .
881 3946 927 4026 qui
942 3937 1100 4025 sulphmtr'
1125 3937 1167 3998 di.

115 4134 116 4139 η
185 4060 288 4123 comm,
301 4046 369 4109 teste
389 4044 520 4109 Vitruvio
543 4047 580 4111 de
604 4040 799 4111 Architell'ura
828 4042 958 4113 1.v111.
991 4060 1018 4103 c.
1043 4058 1071 4119 ς.
1099 4036 1174 4105 lstu
