3225 5017
410 424 534 537 ttvur
639 487 641 495 ¹
787 436 836 562 sp
892 475 919 533 o
973 442 1023 563 sp

408 643 593 718 illustraret
625 656 854 734 ornantque,
899 670 970 737 quo
997 644 1139 718 nomine
1181 612 1332 725 &mihi
1366 652 1405 728 δι’
1526 719 1528 732 ,

409 755 595 835 lectoribus
626 750 781 847 profecto
813 754 896 829 fecit
927 760 1029 853 longe
1056 758 1294 853 gratiffimum.

458 954 608 1029 Paucula
637 950 803 1043 quaedam
819 1003 835 1043 ‚¹
874 958 1014 1059 utinam¹
1033 953 1172 1029 dedisset
1201 963 1320 1052 plura!
1346 964 1404 1033 ad-

407 1065 527 1165 sperfit
555 1062 774 1141 amiciffimus
798 1066 886 1140 mihi
915 1091 1199 1163 scHNEIDERUS,
1222 1078 1285 1166 qui
1305 1100 1401 1147 nunc
1428 1056 1437 1068 ’

407 1185 447 1256 in
475 1180 654 1253 Academia
674 1176 944 1254 Francofurtana
967 1184 1009 1255 ad
1028 1185 1199 1260 Viadrum
1221 1188 1403 1281 Eloquen-

407 1298 490 1366 tiam
516 1295 548 1365 ὃς
574 1294 720 1367 Graecas
753 1292 884 1367 litteras
918 1294 1050 1369 summa
1086 1323 1166 1372 cum
1198 1302 1297 1373 laude
1320 1327 1401 1396 pro-

407 1406 540 1487 fitetur.

453 1582 622 1661 Accell'ere
646 1589 678 1659 &
701 1590 785 1677 alia,
821 1614 864 1659 ex
889 1592 995 1662 variis
1022 1590 1177 1665 desumto
1203 1596 1337 1669 loculis.

453 1773 669 1867 Pugnantcm
698 1766 861 1841 adversus
887 1770 967 1859 Joh.
998 1770 1106 1846 Corn.
1134 1742 1175 1847 de
1200 1710 1339 1862 Pauw:
1365 1782 1401 1856 dc

407 1888 518 1960 acrius
549 1883 691 1976 quidem
719 1908 824 1977 quam
852 1888 1105 1971 conveniebat,
1138 1892 1396 1969 o'oavtuuum

406 2022 448 2069 ex
484 2001 602 2071 critica
623 1997 698 2090 ejus
715 2020 834 2069 vanno
854 2002 892 2075 in
909 2001 940 2086 J.
963 2002 1004 2073 C.
1029 2004 1179 2075 Pavonis
1203 2006 1324 2103 paleas.
1358 2015 1394 2089 8.

405 2112 513 2190 Amst:
548 2128 651 2203 1737.
676 2108 794 2209 paffim
820 2113 1040 2191 adduximus.

392 2364 394 2369 ,
452 2294 563 2369 Semel
586 2296 626 2363 in
652 2308 765 2385 partes
786 2299 915 2369 tractus
945 2295 993 2368 est
1024 2318 1173 2373 casana
1195 2282 1409 2377 ancueaus'

403 2430 454 2488 De
501 2427 702 2487 nuzuuac.

452 2592 641 2681 Denique,
681 2594 853 2679 quantum
875 2585 953 2660 fieri
973 2593 1115 2681 potuit,
1141 2592 1178 2665 id
1201 2598 1276 2689 egi,
1303 2602 1396 2673 ut&

404 2732 447 2778 ex
466 2706 621 2796 antiquis
649 2698 900 2795 scriptoribus,
920 2707 1067 2779 maxime
1101 2708 1317 2802 Geographis
1345 2730 1397 2783 at.

395 2846 472 2915 que
496 2820 635 2899 Poetis,
678 2814 906 2909 praetermiffa
932 2818 973 2887 ab
1000 2819 1076 2889 aliis
1109 2821 1329 2905 adnotarem,
1359 2828 1393 2899 ἃ

402 2933 509 3006 medii
540 2929 635 3027 quod
678 2930 800 3003 dicunt
845 2932 922 3004 aevi
959 2935 1117 3005 audlores
1149 2931 1258 3010 facem
1298 2962 1396 3033 prae.

402 3044 492 3119 ferre
535 3043 653 3116 nostro
689 3044 854 3133 juberem.

451 3231 634 3309 Domum,
672 3222 806 3318 fiquid
842 3223 988 3319 usquam
1018 3227 1193 3312 viderem,
1228 3235 1322 3325 quod
1349 3253 1393 3309 ex

403 3339 523 3435 priscis
546 3344 779 3413 monumentis
797 3340 839 3411 ad
854 3341 1117 3433 intelligendum
1137 3343 1396 3419 illustrandum·

403 3462 471 3548 q‘ue
485 3453 641 3527 nostrum
664 3454 795 3547 aliquid
824 3452 981 3529 conferre
998 3452 1124 3549 pollet,
1149 3482 1224 3534 non
1240 3462 1389 3555 neglexi.

461 3654 505 3725 In
528 3648 608 3734 his,
628 3650 724 3744 quod
745 3650 987 3726 recentiffimas
1007 3650 1215 3728 Sereniffimi
1236 3652 1391 3731 enema·

403 3791 459 3847 Lts
501 3788 764 3843 canentum
798 3790 980 3843 casuum
1024 3790 1213 3843 eumenus
1249 3792 1389 3843 Tunius

404 3904 554 3964 munau
579 3884 620 3957 de
637 3885 789 3955 nummis
807 3884 940 3957 Siciliae
959 3884 1216 3956 lucubrationes
1231 3884 1271 3953 in
1287 3880 1390 3956 ulum

347 4036 352 4046 ·
401 3995 500 4075 Vibii
528 4014 731 4073 convertere
764 3999 882 4085 licuit,
919 3999 956 4071 id
982 4000 1204 4077 celeberrimo
1225 3998 1302 4068 vito
1323 3993 1388 4094 ipsa
