3225 5017
431 446 514 547 246
677 467 861 528 uonna
917 471 1239 537 vnnroauar

555 618 694 711 Amstltthl'
720 626 820 691 valles.
849 629 947 710 Densis
961 630 1031 691 hunc
1044 627 1190 712 frondibus
1207 656 1296 699 atrum

429 722 435 729 '
559 714 646 807 Urget
671 725 792 805 utrinque
807 725 887 786 lacus
908 729 1044 807 nemoris,
1066 735 1200 815 medioque
1215 730 1347 822 fragosus

558 825 622 885 Dat
639 818 762 901 sonuum
783 820 866 900 saxis
883 826 910 887 (e
928 845 985 888 toto
997 830 1097 891 uertice
1114 850 1225 902 torrens.

553 921 612 983 Hic
625 918 725 1005 specus
742 924 898 986 horrendum
920 922 1044 1003 &sceui
1059 926 1202 1012 spiracula
1228 934 1309 994 Ditis
1343 987 1346 998 ‚
1505 945 1506 994 l

551 1022 752 1103 Monstramur,
783 1034 911 1106 ruptoque
934 1024 1026 1109 ingens
1045 1028 1196 1091 Acheronte
1216 1054 1319 1117 uorago
1505 1019 1506 1032 i

429 1116 434 1123 ’
552 1116 696 1203 Peslfiras
720 1122 807 1204 aperit
819 1118 920 1201 fauces
981 1162 995 1178 ·
1054 1157 1069 1176 ·

425 1241 551 1321 adquae
576 1234 663 1309 ¹verbu
681 1246 794 1309 Servius
822 1247 878 1310 ita:
912 1249 995 1310 Hunc
1026 1248 1116 1310 locum
1144 1252 1297 1314 umbilicum
1324 1253 1425 1315 Italiae

426 1340 607 1429 cosmographi
624 1347 726 1411 dicunt.
759 1346 807 1421 Est
822 1364 911 1407 autem
925 1348 955 1407 in
970 1347 1054 1409 lacere
1074 1348 1236 1431 Campaniae
1249 1352 1408 1434 &Apuliae
1416 1394 1427 1423 ,

424 1443 471 1503 ubi
489 1444 598 1525 Hirpini
608 1440 674 1520 sunt
682 1466 697 1517 ,·
719 1444 746 1504 δ’
767 1446 848 1506 habet
872 1466 961 1525 aquas
971 1441 1156 1527 stephanos,
1184 1449 1244 1509 ideo
1260 1451 1424 1533 greum,
1505 1431 1506 1496 i

424 1544 488 1621 pura
500 1544 656 1607 anabiuntur
666 1544 757 1623 filois.
790 1542 855 1603 Ideo
876 1562 965 1605 autem
984 1545 1023 1603 ibi
1039 1545 1134 1605 aditus
1154 1546 1256 1607 dicitur
1273 1544 1423 1625 inferorum,
1505 1543 1506 1620 J

424 1643 497 1721 quod
515 1642 611 1725 grauis
638 1645 704 1705 odor
721 1640 805 1717 juxto
822 1644 978 1703 accedentes
1003 1661 1108 1715 necat;
1143 1646 1212 1705 odeo
1234 1663 1266 1705 ut
1298 1647 1424 1711 vianae
1505 1641 1506 1644 ¹

421 1740 496 1807 circa
524 1744 594 1803 hunc
624 1742 712 1805 locum
738 1764 791 1801 non
815 1740 1029 1816 innodarentur,
1056 1735 1109 1817 sed
1134 1744 1213 1803 odore
1246 1746 1366 1825 perirent
1387 1746 1425 1806 ad

422 1862 520 1920 aquam
539 1840 722 1923 applicatae:
753 1842 780 1901 θ
804 1841 854 1899 hac
879 1856 937 1898 erat
967 1858 1051 1922 genus
1081 1838 1226 1906 litationis.
1281 1843 1425 1907 Sciendum

373 1998 378 2013 ,
414 1932 482 2016 sarae
500 1942 641 1999 Varronem
663 1958 831 2012 enumerare,
857 1954 921 2019 quot
947 1936 1059 1998 locain
1085 1937 1171 1999 ltalia
1184 1940 1241 2019 sant
1261 1938 1422 2023 hujusmodi.
1505 1927 1506 1976 3

424 2039 503 2099 Unde
530 2040 610 2099 etiam
628 2042 761 2102 Donatus
782 2036 850 2096 dicit
863 2036 1003 2096 Lucaniae
1021 2030 1088 2113 effe,
1108 2037 1154 2118 qui
1173 2034 1333 2113 describitur
1346 2040 1422 2101 locu
1505 2091 1506 2100 ,

420 2138 493 2203 eirca
503 2138 642 2217 flurium,
663 2139 709 2219 qui
726 2136 808 2197 Calor
822 2153 946 2197 vocatur.
993 2136 1078 2214 Quod
1101 2137 1162 2196 ideo
1191 2158 1243 2197 non
1272 2140 1421 2219 procedit,

418 2239 483 2320 quia
501 2239 568 2311 ait,·
589 2237 688 2299 Italiae
706 2236 792 2297 medio
804 2230 857 2311 sub
881 2234 1014 2297 montibus
1035 2234 1111 2298 alcis.
1162 2236 1226 2297 Hoc
1250 2237 1302 2313 rofi
1324 2240 1365 2298 ad
1384 2255 1421 2297 to·
1505 2221 1506 2312 l

419 2354 476 2398 tam
494 2338 606 2399 ltaliam
628 2331 747 2425 resices,
768 2358 821 2396 nort
837 2333 981 2417 procedit:
1002 2349 1033 2392 ut
1049 2335 1097 2413 fit.
1116 2332 1169 2413 Esl
1185 2334 1213 2395 itt
1231 2332 1355 2403 vallibus
1362 2336 1421 2397 lca·
1505 2335 1506 2388 ]

415 2437 470 2500 liae
494 2434 655 2515 montuosae.
699 2436 776 2495 Nam
796 2434 826 2497 in
847 2431 976 2493 hocloco
1006 2449 1106 2492 montes
1127 2430 1238 2515 penitus
1266 2454 1320 2494 non
1345 2428 1420 2513 sunt.

415 2532 574 2615 Amsanllos
598 2536 791 2609 salesbirie,
817 2532 849 2591 id
863 2533 914 2612 esi,
938 2530 1008 2591 otoni
1021 2548 1103 2615 parte
1112 2525 1228 2606 sanlius.
1253 2531 1293 2593 cf.
1316 2532 1423 2594 &Pie-

416 2636 484 2719 rius.
516 2636 604 2701 Porro
627 2636 800 2700 Claudianus
822 2634 860 2695 de
881 2646 963 2710 raptu
979 2630 1161 2709 Proserpinae
1182 2630 1215 2694 L.
1231 2630 1267 2694 11.
1296 2651 1324 2695 v.
1350 2641 1419 2711 348.
1504 2697 1505 2734 p

507 2796 510 2807 ‹
545 2761 621 2821 Tunc
644 2756 803 2843 &pesliftri
817 2774 949 2838 pacatum
974 2755 1054 2815 lunen
1073 2754 1180 2815 Auerni

425 2886 430 2895 ·
539 2860 675 2932 Imccuae
697 2856 931 2942 massiliam,
955 2860 1108 2933 ficumque
1127 2851 1242 2935 repreffit

539 2951 742 3038 Ampsariius,
763 2954 852 3015 tacuit
867 2952 930 3034 fixo
948 2969 1061 3016 tacente
1081 2974 1192 3038 vorago.

302 3124 319 3167 χ
417 3080 467 3145 ubi
487 3082 546 3146 vid.
569 3080 709 3145 Barchinc.
734 3091 873 3145 nassau.
970 3076 1006 3139 ln
1026 3076 1155 3156 Hirpinis
1182 3076 1224 3139 est
1250 3077 1331 3143 lacus
1352 3081 1418 3142 Ana-

335 3188 338 3196 '
413 3180 564 3259 plancius,
579 3181 647 3244 teste
665 3180 806 3243 Cicerone
827 3180 865 3242 de
876 3178 995 3240 divinat.
1015 3177 1046 3238 L.
1065 3176 1088 3239 Ι.
1107 3197 1133 3239 c.
1153 3184 1199 3253 3⁶·
1221 3178 1249 3238 o
1271 3177 1363 3240 Plinio
1378 3177 1415 3240 H.
1502 3237 1503 3256 p

413 3280 454 3343 N.
470 3280 503 3342 L.
522 3281 560 3344 Il.
578 3302 607 3345 c:
622 3300 673 3358 93.
691 3281 834 3345 Lucaniae
852 3280 958 3342 limites
974 3278 1059 3338 nimis
1077 3276 1325 3354 proferollibius,
1352 3279 1418 3341 Hir·
1502 3259 1503 3348 l

413 3378 498 3457 pinos
512 3380 571 3441 istis
586 3381 656 3441 dum
680 3378 889 3453 includit,fere
904 3393 936 3440 ut
951 3377 1030 3439 lllela
1048 3377 1079 3439 L.
1094 3376 1132 3442 ΙΙ.
1143 3396 1168 3441 c
1187 3399 1215 3451 4.
1228 3380 1277 3455 qui
1294 3378 1418 3441 Picenti·

415 3494 477 3539 nos,
501 3477 553 3537 Ad
565 3478 698 3561 Mephitis
711 3480 802 3546 aedem
820 3474 868 3555 effe
888 3472 1026 3554 Amsanlli
1039 3477 1147 3552 lacum,
1166 3478 1284 3558 morique
1301 3480 1349 3559 qui
1375 3479 1418 3538 in·

413 3577 543 3639 truserint
553 3592 572 3652 ,·
588 3578 670 3639 addit
685 3576 800 3640 Plinius.
823 3576 993 3639 Ridiculum
1011 3575 1069 3637 hoc
1085 3576 1171 3653 plane
1187 3577 1300 3638 videtur
1310 3576 1416 3640 Cluve-
1501 3599 1502 3632 l

285 3675 288 3683 '
414 3677 457 3737 rio
472 3674 536 3741 ltal.
556 3690 614 3739 ant.
633 3676 664 3739 L.
682 3675 731 3738 lv.
749 3695 775 3738 c.
794 3688 823 3747 8.
857 3676 965 3752 „Quis
981 3676 1059 3737 enim
1082 3676 1260 3753 reperiatur,
1281 3677 1321 3737 ita
1343 3675 1412 3748 ille,

412 3820 434 3852 „
457 3774 508 3836 nili
528 3790 625 3839 mente
645 3787 705 3837 tota
726 3788 846 3853 captus,
864 3774 975 3845 homo,
1009 3775 1057 3853 qui
1081 3794 1166 3852 aquas
1192 3775 1298 3836 intrare
1322 3775 1410 3844 velit,

411 3917 432 3949 „
455 3894 528 3953 quae
548 3875 681 3937 aterrimo
703 3873 800 3937 colore
823 3875 970 3954 odoreque
990 3876 1137 3937 teterrimo
1154 3875 1184 3934 in
1198 3876 1295 3935 medio
1321 3875 1411 3945 lacus,

410 4016 432 4049 ,‚
455 3975 503 4052 qui
524 3974 661 4053 triangula
679 3974 719 4036 est
739 3974 850 4047 forma,
872 3975 991 4037 circuitu
1010 3974 1143 4049 modico,
1173 3973 1210 4035 ad
1231 3975 1284 4036 viri
1310 3992 1412 4052 proce·

410 4113 433 4148 ,‚
454 4074 566 4135 ritatem
586 4075 695 4155 ingenti
717 4094 782 4136 curn
805 4074 916 4154 fragore
942 4073 1114 4138 ebulliant?
1153 4073 1243 4147 Sane,
1266 4094 1356 4157 quum
1375 4071 1411 4132 ad

413 4214 434 4245 ‚,
455 4188 524 4233 eum
541 4191 594 4251 ego
618 4175 801 4247 accederem,
828 4174 1017 4255 elonginquo
1041 4166 1141 4251 (nam
1160 4174 1196 4235 ad
1215 4172 1295 4236 mille
1318 4171 1407 4253 pallus
