3225 5017
523 412 596 471 ru
656 412 909 473 ruumruu
980 417 985 425 ¹
1164 416 1209 501 53

102 522 134 565 Ἀ
226 570 376 651 Dionysius
399 568 490 633 Halic.
511 570 574 634 libr.
593 570 626 633 V.
653 588 715 648 pag.
750 588 818 647 305.
836 571 879 632 ’δι
900 567 984 633 Lloid
1004 567 1118 632 laudato
1139 568 1215 635 locu

227 670 263 733 Ut
290 670 470 749 Propertium
491 671 519 731 &
537 666 607 731 alios
629 672 728 746 poitur
749 667 860 730 silentio
886 681 1070 748 praeteream
1096 685 1218 733 curruu-

262 808 341 869 laaui
361 808 536 883 Velinorum)
565 804 694 883 Nescio,
717 808 786 889 quid
805 807 892 869 saciat
912 807 972 872 huc
992 808 1070 871 lucus
1080 808 1215 887 Velinus,

225 908 274 986 qui
296 907 332 969 ab
361 908 469 969 Aniene
501 904 583 967 distat
611 904 795 985 aliquansum.
833 906 972 987 Equidem
1000 908 1073 971 nihil
1098 911 1216 971 extricu.

165 1064 169 1068 .
225 1005 361 1085 Scriptori
392 1006 486 1067 nostro
518 1006 549 1065 in
576 1005 674 1085 primis
692 1002 854 1067 adversatur
882 1006 988 1069 Plinius
1013 1021 1070 1069 nau
1096 1006 1159 1067 hisi
1182 1006 1216 1071 L.

185 1116 187 1121 '
224 1106 278 1171 ΙΙΙ.
309 1125 371 1183 cup.
402 1122 450 1167 η.
474 1103 569 1163 Sabini
589 1093 650 1181 (ur
672 1106 781 1183 quidam
814 1102 1016 1183 existimavere,
1045 1128 1064 1165 a
1097 1104 1220 1187 religione

226 1205 381 1265 &Deorum
400 1202 475 1263 cultu
497 1200 587 1261 Sevini
607 1200 758 1284 appellari)
776 1201 883 1262 Velinus
908 1202 1033 1262 accolunt
1052 1202 1150 1277 lacus,
1176 1224 1218 1262 ro·

222 1297 309 1379 scidis
332 1300 455 1364 collibus.
482 1302 546 1358 Nar
576 1301 662 1359 amnis
697 1301 822 1361 exhaurit
855 1299 921 1360 illos
946 1294 1098 1383 sulphureis
1129 1302 1217 1384 aquis.

125 1454 126 1457 ,
225 1401 336 1463 Iiberim
353 1421 387 1457 ex
398 1400 441 1457 bis
452 1416 543 1478 petens
561 1396 661 1477 replet,
672 1420 693 1456 ·e
712 1415 796 1457 monte
812 1398 928 1466 bilcello
943 1398 1036 1458 labens
1050 1396 1138 1481 juxta
1164 1401 1221 1465 Vuf

227 1522 309 1559 cunae
326 1497 471 1558 nemora&
496 1498 580 1555 Reate
603 1497 631 1555 in
648 1490 749 1571 eosdem
771 1498 905 1564 conditus.
942 1498 1004 1556 -At
1026 1519 1061 1555 cx
1084 1497 1142 1558 alia
1152 1522 1220 1583 pcn-

223 1618 249 1661 τε
258 1600 348 1674 Ario,
357 1591 476 1681 iuriontc
489 1596 661 1660 Trebanorum
676 1613 762 1665 orcus,
774 1594 854 1655 lacus
868 1613 924 1656 tres
938 1594 1097 1655 amoenitate
1106 1598 1219 1665 nobiles,

223 1699 270 1780 qai
289 1718 382 1759 numen
407 1696 498 1755 dedere
522 1694 692 1775 Sublaqueo,
723 1689 805 1773 deferr
826 1695 854 1754 in
877 1695 997 1757 Tiberim.
1024 1694 1075 1758 ubi
1103 1696 1219 1759 videsis

227 1796 311 1861 Ferd.
337 1794 496 1866 Pintiauum
520 1792 625 1867 &Jau
653 1792 891 1871 Dalechampium
917 1794 1058 1857 Plinianos
1083 1796 1222 1873 interpre-

227 1908 279 1958 tes
307 1892 352 1956 Illi
381 1892 539 1955 lacustres
568 1890 659 1980 Pliniu
682 1894 832 1958 memorati
854 1891 1009 1956 Simbruini
1032 1892 1110 1955 lucus
1137 1894 1221 1964 suut,

228 1995 286 2057 srve
309 1990 469 2056 Simbruina
485 1991 599 2069 stagna3
618 1978 655 2051 de
679 1991 781 2068 quibus
804 1992 923 2054 Tacitus
946 1980 1106 2054 rinnilibr.
1136 1992 1218 2056 XIV.

229 2114 292 2171 oep.
310 2110 357 2155 22.
377 2092 452 2150 Nam
479 2090 544 2169 quia
563 2089 751 2163 discumbentis
769 2090 886 2148 Neronis
910 2091 987 2171 apud
1012 2090 1163 2150 Simbruina
1165 2091 1223 2172 flu·

226 2213 302 2275 φα,
318 2190 362 2249 cui
375 2185 557 2265 Sublaqueum
572 2205 663 2243 nornen
679 2186 730 2265 esi,
751 2186 817 2246 iriae
846 2188 929 2267 dapes
959 2182 1096 2267 mensaque
1113 2186 1223 2267 disjeiia

224 2308 303 2361 crat,
331 2288 411 2367 idque
429 2284 532 2363 finibus
557 2283 693 2349 liburtum
711 2282 865 2357 ceciderat,
897 2284 966 2343 unde
982 2300 1100 2365 paterna
1119 2283 1222 2347 Plauto

221 2392 314 2474 origo,
325 2388 395 2447 bunc
406 2382 482 2443 illum
498 2381 602 2443 numine
615 2380 704 2441 Deum
724 2381 848 2461 destinari
864 2382 1012 2443 eredebant.
1045 2380 1157 2443 Idcirco
1173 2383 1222 2444 adn

227 2490 317 2551 ducor
332 2485 402 2557 fere,
416 2496 448 2543 ut
463 2480 588 2555 credam,
601 2478 714 2541 Vibium
726 2480 763 2541 de
779 2479 896 2543 lacubus
906 2481 1074 2546 Simbruinis
1091 2480 1222 2545 locutum

222 2585 315 2651 fuiile.
326 2583 406 2661 Quin
421 2582 511 2641 immo
526 2578 647 2657 impellit
657 2598 724 2653 me,
741 2591 773 2641 ut
786 2580 905 2641 omuino
925 2580 956 2641 id
978 2581 1110 2652 credam,
1140 2582 1222 2643 idem

225 2686 345 2749 Tacitus
361 2684 433 2743 Amr.
454 2677 517 2739 libr.
530 2676 583 2743 XI·
601 2696 663 2755 cap.
680 2697 724 2755 13.
740 2672 887 2758 Famesque
907 2698 1037 2759 aquarum
1062 2680 1220 2740 Simbruinis

226 2784 343 2845 collibus
365 2778 487 2841 dedalios
516 2776 576 2837 urbi
609 2775 701 2835 intulit
721 2775 916 2852 (Claudius),
945 2796 979 2839 ac
1003 2776 1157 2839 Frontinus
1182 2777 1220 2839 de

222 2880 347 2961 aquarii.
363 2878 447 2944 Rom.
459 2876 522 2940 libr.
535 2873 573 2937 II.
595 2934 598 2941 ,
637 2874 697 2933 Nec
714 2868 787 2948 saris
801 2869 999 2958 suiuprincipi
1014 2874 1097 2957 nostro
1120 2892 1220 2935 cetera-

225 3002 282 3042 rum
296 2969 429 3060 restiturffi
443 2974 561 3058 copiam,
578 2966 630 3051 sed
641 2972 721 3039 eriam
739 2973 866 3055 gratiam.
893 2973 1025 3043 ,Arubnis
1037 2993 1138 3053 quoque
1154 2975 1218 3035 nubi

223 3080 296 3140 vicia
310 3070 431 3150 exscindi
443 3065 515 3153 poffe
537 3070 617 3134 uidit.
641 3065 736 3146 Omiffo
756 3071 823 3129 enim
845 3071 956 3149 flumine
979 3072 1062 3153 reperi
1084 3093 1120 3129 ex
1136 3071 1217 3146 lacu,

225 3178 273 3258 qui
296 3175 332 3257 ‘ll
351 3167 433 3253 ficper
465 3167 560 3228 villam
585 3169 766 3229 Neronianam
792 3162 996 3242 Sublaeerrsem‚
1023 3168 1069 3227 ubi
1091 3165 1224 3248 limpidis·
1278 3158 1289 3169 ’
1315 3184 1320 3189 ·
1444 3187 1447 3192 ·

220 3278 292 3357 fima
308 3274 358 3354 cst,
365 3268 449 3350 juffit.
473 3269 547 3326 Nam
559 3312 568 3340 ‚
582 3262 661 3349 quum
684 3267 787 3326 oriatur
805 3267 878 3326 Arrio
897 3262 983 3348 supra
998 3266 1105 3325 Trebam
1125 3269 1222 3347 Augu.

221 3375 312 3463 flam,
326 3364 374 3445 feu
389 3367 510 3447 quiaper
525 3360 639 3441 saxosos
653 3382 751 3426 montes
769 3366 903 3447 decurrit,
917 3366 1017 3446 paucis
1037 3366 1110 3425 circa
1135 3362 1221 3445 iplum

102 3476 104 3487 ’
228 3468 336 3551 oppidis
353 3464 534 3547 obiacentibus
558 3462 658 3533 cultis,
683 3459 732 3541 seu
751 3465 816 3543 quia
829 3462 908 3524 lacus
931 3462 1096 3538 abundium,
1123 3465 1152 3523 in
1172 3484 1224 3543 quo

230 3566 383 3649 excipitur,
402 3562 477 3625 uelut
497 3562 658 3644 deputatur,
679 3562 867 3624 imminentium
885 3582 986 3643 quoque
1005 3582 1136 3622 nemorum
1158 3582 1225 3642 opu·

230 3668 315 3741 citare
340 3664 531 3737 incumbimus,
569 3656 757 3743 frigideffimus
774 3661 857 3740 fimul
884 3682 919 3723 ac
948 3656 1170 3741 splendidrffimus
1196 3680 1226 3717 err
1333 3738 1337 3751 Ι

227 3748 357 3845 qiervenit.
382 3774 518 3823 nussum
563 3760 704 3838 Equidem
720 3760 767 3821 vix
793 3760 911 3836 dubito,
931 3761 1001 3839 quin
1018 3759 1110 3818 noller
1126 3756 1226 3819 Vibius

235 3862 401 3927 Simbruinus
417 3858 494 3923 lacus
513 3860 661 3937 cogitarit,
684 3857 772 3937 iisque
793 3878 845 3936 per
870 3859 1025 3922 memoriae
1042 3852 1153 3930 lapsum
1181 3855 1230 3913 Ve-
1272 3885 1275 3889 >

232 3959 303 4019 linos
318 3958 496 4022 substituerit.
520 3958 579 4019 Nili
596 3958 712 4020 credere
732 3958 833 4029 malis,
855 3956 1035 4017 libririorum
1051 3950 1135 4026 culpa
1156 3970 1232 4012 erro-

238 4076 298 4119 rem
321 4056 376 4153 elie
395 4070 502 4121 ortum.
544 4057 601 4119 Sed
626 4058 785 4120 constanter
810 4038 959 4117 Veliacrrim
990 4049 1138 4110 exhibent·
1154 4049 1233 4133 curii·

725 4180 791 4253 Dr
