3225 5017
454 487 524 563 nu
583 485 835 550 ruumrnn
1067 501 1141 584 ¹31

590 673 729 807 Hypsa

209 877 240 940 In
252 873 469 939 Selinuntiorum
484 872 610 935 nummis
631 873 674 934 vir
696 871 822 934 cernitur
846 876 1083 942 commanente
1108 881 1147 946 ud

172 970 238 1038 aram
253 974 422 1048 sactificans,
450 971 578 1051 appuiita
605 989 679 1034 voce
705 983 823 1036 titum.
874 971 903 1036 Is
918 974 1014 1054 Hypsa
1043 978 1149 1044 fluvius

171 1073 220 1134 effe
232 1075 337 1136 videtur
349 1089 411 1135 tum
434 1070 495 1132 aliia
512 1083 576 1134 tum
595 1071 654 1134 Str.
670 1067 790 1132 Casteiio
809 1068 853 1134 Pr.
877 1069 912 1134 T.
930 1073 974 1136 M.
991 1076 1021 1136 in
1036 1078 1146 1157 proleg.

169 1172 201 1232 ad
214 1171 293 1235 Inscr.
316 1173 372 1234 Sic.
388 1191 418 1248 p.
438 1169 579 1232 XXVIII.
600 1169 649 1246 qui
671 1169 760 1230 hodie
784 1167 875 1228 Belite
888 1169 991 1252 fim'jiro
1017 1174 1073 1238 dici
1097 1177 1149 1240 ad.

170 1270 241 1344 init,
261 1291 312 1348 qua
325 1290 356 1332 re
377 1268 483 1332 Fazeiii
503 1266 678 1347 aliorumque
709 1267 878 1330 sententiam
911 1269 1023 1337 stabilit.
1079 1277 1150 1340 Non

167 1369 287 1430 audiendi
308 1370 443 1433 uidentur
466 1380 636 1447 propteroa,
657 1367 706 1444 qui
724 1364 840 1427 Plotina
869 1367 995 1446 itemque
1024 1369 1149 1454 Laprt'ffit

169 1469 311 1546 nmcupari
331 1468 458 1530 tradunt.
491 1466 665 1532 ‚Harduinus
681 1483 795 1543 quoque
818 1463 878 1526 falli
897 1467 1025 1530 videtum
1060 1493 1150 1550 quum

163 1566 198 1626 ad
211 1564 327 1630 Plinium
342 1567 373 1628 L.
388 1565 442 1628 III.
464 1584 490 1627 c.
507 1576 536 1638 8.
553 1559 683 1640 Marsala
705 1564 800 1625 vocari
816 1564 909 1626 docet.
954 1565 1088 1631 Ceterum
1102 1570 1150 1634 hic

167 1663 252 1742 Hypsa
277 1665 359 1726 Piimi
385 1664 434 1726 est.
449 1663 482 1729 L.
497 1661 550 1726 lII.
571 1682 596 1724 c.
615 1657 644 1734 ’8.
668 1679 759 1740 prope
775 1659 971 1742 Selinuntem5
995 1665 1082 1731 alium
1099 1669 1152 1732 ira.

166 1760 209 1824 bet
223 1762 401 1826 Ptolemaeus
418 1762 454 1827 L.
466 1760 518 1824 III.
538 1781 564 1824 c.
583 1781 611 1836 4.
628 1779 719 1839 prope
734 1760 937 1838 Agrigentum,
972 1763 1056 1842 eique
1083 1767 1152 1830 ostia

166 1858 263 1923 ibidem
284 1861 394 1924 tribuit.
436 1860 465 1922 is
482 1859 570 1921 hodie
585 1861 683 1942 Draga
699 1859 812 1921 videtur
831 1859 887 1922 dici
904 1858 1038 1926 Cluvetio
1068 1863 1100 1928 1.
1125 1865 1151 1935 L

164 1977 187 2023 c.
203 1981 246 2036 ις.
271 1977 368 2040 neque
385 1959 436 2022 suo
450 1959 500 2020 irbi
524 1977 574 2020 ore
594 1959 625 2018 in
643 1976 721 2018 mare
733 1956 911 2035 effunditur,
932 1959 987 2028 ¹sed
1013 1962 1045 2022 in
1072 1963 1156 2027 Acra-

164 2072 271 2136 gantem
295 2060 355 2121 iive
375 2061 405 2120 S.
425 2057 510 2136 Biafii
525 2057 665 2130 fluvium,
688 2057 785 2134 quiin
804 2055 935 2117 orientali
953 2057 1040 2120 latere
1054 2060 1156 2124 urbem

163 2156 279 2232 claudit,
302 2158 409 2223 incidit
424 2160 453 2218 ἃ
470 2157 566 2218 mixtis
585 2174 652 2216 cum
670 2154 722 2213 isto
740 2153 825 2214 undio
850 2155 881 2214 in
900 2173 976 2214 mare
1004 2155 1157 2225 delabitur.

162 2253 242 2318 Hunc
261 2257 393 2338 Hypsam
416 2274 497 2316 more
528 2253 579 2316 suo
605 2273 622 2314 a
653 2251 758 2313 Punica
779 2269 852 2312 voce
872 2266 978 2330 mn
1004 2249 1159 2328 delicmsum

163 2353 263 2417 diiium
279 2359 372 2418 tradit
396 2354 552 2416 Bochartus
569 2355 600 2413 in
620 2351 711 2416 Chan.
736 2351 768 2414 L.
793 2347 818 2416 Ι.
842 2369 867 2412 c.
889 2369 937 2426 29·
956 2351 1035 2430 quud
1056 2351 1103 2438 vei
1121 2373 1159 2415 ex

161 2470 276 2516 nummo
292 2453 526 2518 Selinuntiorum
546 2465 631 2513 antea
650 2462 825 2523 memorato,
848 2449 963 2511 formosi
982 2451 1064 2529 pueri
1091 2453 1161 2515 ima.

161 2551 250 2626 ginem
263 2573 336 2631 prae
358 2551 388 2612 se
405 2551 536 2622 ferente,
560 2564 666 2628 pateat.
709 2549 796 2610 Ridet
817 2549 889 2611 haec
905 2553 981 2611 tutte
1005 2550 1161 2615 Dorvillius

162 2647 194 2716 T.
209 2650 231 2714 I.
245 2673 276 2730 p.
295 2665 358 2731 78,
383 2655 411 2713 &
428 2647 587 2712 Selinuntio
603 2647 715 2727 Hypsae
730 2647 824 2708 forsan
838 2645 888 2702 cini
903 2645 940 2704 ni
961 2643 1030 2718 ὕφες
1058 2649 1104 2710 vel
1120 2649 1161 2712 al.
1240 2725 1243 2730 Ι

160 2767 210 2809 veo
233 2751 307 2812 mire
328 2747 463 2827 depreffo
481 2765 590 2809 nomen
611 2749 710 2808 datum
725 2760 872 2823 autumat,
895 2749 944 2826 qui
957 2746 1085 2810 Crimiiio
1109 2770 1160 2812 au.
1264 2815 1267 2824 Ι

160 2848 219 2909 tius
242 2849 276 2910 in
298 2867 386 2910 tnare
404 2848 583 2924 deproperat.
627 2847 666 2912 0.

195 2960 327 3044 brycan
363 2962 411 3024 Sic
442 2953 606 3040 legendum.
663 2958 825 3038 Stephanus
853 2961 1046 3040 Byzantinus:
1072 2961 1165 3030 'tvvm

156 3059 222 3121 trinit
245 3058 394 3124 Σικελίας,
416 3063 437 3116 ἓν
459 3062 472 3139 ᾗ
495 3054 629 3124 nimam-
652 3049 722 3135 ἦρχεν
745 3056 756 3111 ὅ
777 3057 923 3118 Auriniam·
942 3057 1039 3137 'xipag
1063 3059 1089 3119 ii
1103 3062 1165 3119 ”iru-

158 3182 195 3214 m
217 3155 317 3221 raim
356 3154 440 3231 pmii.
462 3156 500 3218 cf.
519 3154 589 3219 Luc.
625 3154 789 3220 Hoistenius
812 3160 841 3220 ἃ
865 3159 931 3225 nbr.
955 3158 1108 3222 Berkeliuu.
1132 3159 1165 3225 it.

157 3255 297 3324 Ceilarius
319 3255 510 3321 G.n.1..11.
529 3276 554 3322 c.
575 3273 621 3318 12.
645 3269 783 3317 nussum.
870 3257 963 3320 Locus
986 3239 1088 3319 'citatus
1105 3277 1166 3319 non

157 3359 232 3432 apud
254 3357 449 3436 Stephanum
459 3354 508 3416 sed
529 3355 606 3432 apud
625 3356 687 3430 ejus
700 3355 918 3432 epitomatorem
938 3369 1025 3418 extat
1042 3355 1166 3434 Inycunt

152 3454 258 3522 oiim
248 3477 284 3517 tn
303 3457 394 3516 laeva
409 3452 491 3514 fuine
511 3452 668 3532 Hypsae
647 3473 723 3531 npa,
755 3452 958 3518 Selinuntem
949 3476 981 3518 m
997 3457 1098 3518 dextra
1116 3475 1169 3544 pu·
1218 3527 1222 3536 .

155 3562 196 3614 tat
221 3554 445 3617 Clutorium
466 3553 499 3614 L.
521 3551 546 3621 I.
574 3571 599 3614 c.
620 3563 666 3623 18.
709 3552 746 3616 Ο.

197 3685 350 3758 Siciliae)
374 3682 440 3756 Sic,
461 3702 521 3744 non
536 3675 698 3764 ruspans.
741 3683 822 3747 Illius
837 3683 1039 3750 eniminsulae
1061 3685 1170 3746 fiumen
1211 3685 1216 3696 '

154 3781 213 3844 effe
228 3781 380 3862 Hypium
396 3780 615 3860 cognitiifimum
636 3781 684 3844 est.
709 3796 847 3848 nusum..
926 3784 1074 3847 Cluverius
1099 3781 1120 3841 i.
1143 3794 1169 3838 o.

153 3881 288 3941 Sicaniae
314 3880 476 3956 legendum
491 3881 648 3958 praecipio
669 3885 763 3958 rotie,
782 3883 852 3968 hinc
874 3883 952 3944 enim

153 3977 325 4064 mspmuc
353 3979 423 4046 oriri
443 3981 546 4057 potuit
587 3981 625 4044 0.

1155 4095 1165 4130 i
