3225 5017
464 426 542 531 236
714 441 896 501 NOTAE
954 393 1264 503 vrnrcnunr

460 598 595 677 Mennis,
620 596 666 663 vel
689 596 835 658 Menenius
863 598 984 678 (potius
1004 600 1175 680 Memno)
1211 601 1271 664 live
1294 601 1441 682 MenrnfisJ

459 696 551 763 Marcie
570 694 658 777 nevira,
683 696 799 775 quae&
821 694 941 757 nmium
961 696 1030 772 apim
1052 699 1099 761 vel
1119 695 1192 773 ήμιη
1219 697 1335 758 nanim
1354 698 1441 761 saluta.

459 800 557 873 batur,
577 798 647 859 item
667 795 785 866 naviter
807 791 932 851 Πυλίων.
961 795 1006 856 Dc
1025 796 1124 860 Palicis
1140 797 1199 859 Diis
1221 816 1275 858 nos
1307 795 1387 875 supra
1410 816 1441 857 er

458 896 607 963 macrobio
620 895 658 957 ad
680 891 855 971 Symcerhcn
871 892 992 955 fluvium
1009 914 1073 973 pag.
1092 915 1158 973 ¹⁹³·
1182 894 1310 957 Crateres
1322 894 1387 955 ilios
1402 895 1442 954 de·

457 997 552 1061 scribit
566 996 666 1067 idem,
688 994 735 1054 cci
757 991 919 1070 jungendus
940 992 1082 1055 Diodorus
1104 992 1215 1055 Siculus
1233 993 1265 1055 L.
1280 994 1330 1054 cit.
1350 1011 1375 1053 c.
1398 1002 1440 1062 38.
1490 1041 1491 1046 ,

458 1115 495 1156 ex
516 1093 618 1173 quibus
634 1090 822 1169 intelligitur,
844 1108 895 1153 cur
916 1092 992 1169 apud
1007 1093 1146 1155 Ovidium
1168 1104 1283 1156 metam.
1309 1091 1343 1157 L.
1362 1089 1395 1151 V.
1417 1108 1439 1150 r.

458 1214 528 1271 405.
552 1192 680 1257 infernus
706 1206 802 1267 raptor

581 1308 682 1385 Perque
701 1302 780 1361 lacus
798 1300 871 1361 altos
887 1300 914 1361 δ’
930 1300 1029 1361 olentia
1045 1296 1150 1383 sulfitre
1163 1299 1254 1382 fertur

580 1404 686 1485 Stagna
713 1399 871 1461 Palicorum
940 1432 971 1477 ‚·
1053 1431 1065 1445 ·
1489 1461 1490 1464 Ἴ

457 1502 617 1571 Commode
638 1518 705 1561 eum
727 1498 865 1562 Solsatara
881 1497 1069 1575 Neapolitana
1088 1500 1210 1575 proinde
1229 1499 1394 1562 Menaidem
1408 1495 1442 1555 la·
1489 1507 1490 1512 ’

457 1622 524 1669 cum
540 1614 685 1676 comparat
706 1597 879 1661 D’Orvillius
901 1598 933 1657 in
951 1596 1051 1658 Siculis
1076 1596 1112 1659 T.
1137 1596 1160 1658 I.
1188 1616 1216 1675 p.
1234 1606 1301 1667 168.
1324 1596 1442 1672 llleretor
1490 1663 1491 1666 Ἴ

456 1685 577 1763 omnino
600 1695 749 1771 Fazellus,
773 1714 860 1773 quem
880 1696 917 1755 de
933 1697 1086 1757 recentiori
1110 1695 1288 1759 llatu'sontis
1314 1692 1443 1755 vellatur

457 1800 615 1861 audiamus.
640 1795 683 1861 lta
704 1793 753 1855 ille
776 1794 885 1857 Decad.
898 1794 922 1854 1.
936 1793 966 1857 L.
980 1793 1031 1856 lll.
1056 1813 1083 1859 c.
1104 1814 1135 1860 2.
1193 1840 1214 1870 „
1238 1794 1345 1855 Extant
1364 1791 1442 1853 hodie
1490 1777 1491 1784 ἵ

439 1902 479 1975 ’,,
501 1899 531 1960 in
551 1896 654 1957 eodem
670 1892 744 1957 colle
758 1892 836 1955 urbis
853 1890 962 1955 Palicae
982 1891 1117 1971 vestigia,
1143 1912 1203 1955 non
1225 1912 1330 1971 magno
1354 1907 1441 1952 tamen

455 2041 478 2074 „
499 1995 614 2057 interim
634 1992 742 2055 ambitu
771 1990 992 2069 comprehensa:
1016 1990 1116 2070 templi
1137 2011 1250 2070 quoque
1265 1992 1351 2070 ipsrus
1381 1988 1441 2065 (ni-

455 2135 478 2173 ,‚
499 2096 604 2156 mirum
622 2090 802 2166 Palicorum)
829 2110 930 2169 magna
945 2091 1019 2151 circa
1039 2087 1132 2152 lacum
1159 2095 1187 2153 tt
1212 2110 1246 2151 ea
1267 2110 1320 2169 pro
1350 2085 1440 2163 majori
1489 2063 1491 2110 l

455 2238 480 2271 „
501 2210 581 2273 parte
595 2192 697 2255 obruta
720 2205 917 2269 monumenta
962 2188 1052 2251 Lacus
1072 2204 1168 2277 autem
1184 2188 1242 2267 ipse
1263 2190 1299 2249 ad
1313 2186 1440 2265 angulum
1489 2177 1492 2254 l

455 2340 478 2371 „
500 2293 628 2372 planitiei
648 2290 687 2352 est
704 2290 777 2351 circa
792 2288 874 2351 collis
898 2288 1025 2361 radices,
1050 2287 1180 2349 turbidus
1198 2290 1225 2349 ἃ
1245 2286 1311 2348 mali
1335 2286 1439 2355 odoris,
1490 2313 1491 2318 ¹

455 2390 624 2469 „ambitus
652 2387 781 2465 pulsuum
804 2408 864 2448 non
891 2389 988 2447 minus
1005 2402 1142 2463 centum;
1171 2388 1203 2448 in
1232 2390 1313 2461 cujus
1335 2402 1440 2465 quoque

453 2534 476 2564 „
498 2490 668 2551 mediocres
689 2486 775 2561 sunt,
805 2485 894 2547 veluti
914 2485 987 2547 ollae
1010 2484 1061 2549 sub
1086 2487 1153 2564 igno
1181 2486 1337 2560 ferventis,
1362 2503 1440 2561 aqua·

454 2628 476 2663 „
499 2608 562 2649 rum
575 2585 774 2663 scaturigines,
795 2604 868 2662 quae
884 2587 1021 2647 continua
1042 2587 1200 2648 etiamnum
1220 2586 1393 2647 eructatione
1408 2582 1439 2643 ad

406 2728 408 2735 ν
455 2729 477 2763 „
499 2700 555 2747 tres
576 2686 687 2747 circiter
703 2683 815 2749 cubitos
834 2683 990 2771 inaltum,
1021 2686 1177 2747 comitante
1195 2700 1335 2762 perpetuo
1358 2683 1441 2744 aestus

454 2829 476 2860 „
498 2801 663 2853 murmure,
686 2802 772 2858 aquas
802 2781 942 2855 efferunt,
970 2781 1137 2859 rursumque
1155 2783 1292 2848 cadentes
1312 2784 1438 2844 infinum

381 2924 417 2959 ,¹
454 2928 476 2959 „
498 2881 679 2958 recipiuntur.
725 2881 819 2955 Aquas
837 2879 923 2953 hujus
937 2880 1060 2957 singnis
1081 2900 1166 2942 mane
1187 2897 1254 2945 ante
1275 2882 1341 2944 solis
1363 2902 1439 2943 error·

453 3027 475 3059 „
498 2993 560 3041 tum
582 2979 663 3039 bruta
680 2978 864 3055 potaverint,
885 2980 1036 3055 repentino
1050 2999 1142 3058 prope
1151 2983 1274 3045 interitu
1298 2984 1435 3045 occidunt
1488 2965 1490 3026 l

453 3126 474 3159 „
497 3081 591 3153 Nam,
612 3078 678 3139 licet
695 3076 814 3155 frigidae
831 3077 903 3146 srut,
941 3078 1070 3139 turbidat
1087 3094 1201 3155 tamen,
1229 3085 1257 3143 δι
1282 3082 1378 3143 dirum
1398 3098 1438 3141 er·

452 3226 473 3257 „
496 3178 623 3241 halantes
642 3178 778 3250 odorem3
803 3177 852 3253 qui
870 3195 906 3237 eu
923 3175 1062 3254 sulphuris
1091 3177 1289 3256 bituminisque
1309 3180 1435 3251 materia,
1489 3173 1490 3232 l

413 3328 416 3333 .
453 3324 474 3353 ‚,
497 3299 552 3357 qua
574 3278 660 3355 stagni
680 3277 786 3339 fundus
806 3275 983 3353 plenusest‚
1015 3292 1046 3338 ut
1063 3276 1158 3339 bullae
1179 3296 1266 3338 exeo
1293 3278 1436 3356 aliquando

452 3420 473 3452 „
495 3377 603 3437 effictae
621 3377 768 3453 indicant,
800 3391 958 3453 generatur.
972 3392 986 3415 ¹
1000 3375 1076 3436 Hinc
1098 3376 1171 3437 adeo
1193 3376 1366 3454 perniciosae
1381 3375 1437 3437 sunt
1489 3389 1490 3444 ξ

451 3522 472 3554 ,,
496 3476 556 3551 ejus
578 3494 685 3551 aquae,
710 3490 817 3537 utnon
842 3473 932 3535 solum
951 3475 1080 3550 potantia
1102 3472 1207 3550 bruta,
1240 3473 1289 3535 sed
1310 3474 1437 3552 superro-
1489 3461 1490 3500 l

451 3621 472 3653 „
495 3574 585 3636 lantes
604 3572 773 3650 plerumque
792 3573 904 3633 cresin
917 3572 1076 3649 periculum
1091 3586 1183 3651 agant
1219 3572 1295 3635 Nam
1313 3593 1349 3633 ex
1361 3588 1436 3649 aqua·

450 3720 471 3752 „
494 3692 558 3735 rum
578 3668 774 3747 hujuscemodi
792 3670 944 3747 vaporibus
959 3675 1006 3737 ac'r
1022 3672 1166 3746 inflatur,
1178 3674 1228 3746 u,
1244 3692 1302 3749 quo
1322 3670 1436 3733 deterior

450 3818 471 3851 „
494 3773 536 3833 eli
553 3772 687 3845 materia,
713 3788 748 3830 ec
770 3770 929 3830 concretior
954 3770 1102 3834 redditur:
1128 3789 1185 3847 quo
1208 3768 1359 3847 inspirato,
1377 3766 1444 3846 per·'

449 3888 483 3949 ‚‚·
493 3872 560 3932 inde
582 3886 613 3932 ut
633 3869 741 3947 gustato
758 3886 891 3935 veneno,
914 3887 981 3928 aves
997 3883 1126 3946 pereunt.
1158 3870 1257 3930 Aetate
1280 3883 1436 3941 mea,ccm

449 4016 470 4047 „
493 3970 644 4048 aliquando
661 3968 754 4030 Sicilia
772 3966 895 4028 siccitate
917 3966 1075 4057 laboraret,
1101 3968 1229 4045 stagnum
1252 3968 1311 4031 hoc
1333 3961 1436 4045 prorsus

450 4068 471 4142 ᾖ,
494 4069 621 4136 exaruit,
646 4084 662 4127 e
683 4068 764 4143 cujus
780 4081 841 4128 tum
865 4067 1036 4147 crateribus,
1055 4068 1148 4129 ventis
1165 4065 1257 4129 solutu
1274 4063 1436 4133 liuentibus,
