3225 5017
459 465 534 523 to
592 460 850 523 stouras
1063 471 1136 555 143

175 647 264 693 norum
282 625 359 687 exire
378 619 458 700 jubet
476 619 558 687 1..11.
583 639 610 682 c.
631 640 661 694 4.
692 631 807 682 notatus
840 633 990 699 eapropter
1021 622 1142 690 Cellario

173 728 244 790 (1.1.
266 725 296 786 L.
313 723 350 786 11.
373 741 433 800 cap.
451 741 480 798 9.
496 719 562 782 sect.
581 737 609 782 2.
653 717 846 780 Haecaotern
865 733 896 780 ut
917 718 981 781 sunt
1007 722 1141 788 obvia&

166 826 237 898 trita,
263 825 301 884 ita
325 820 498 883 difficultatis
527 817 647 897 plenum
673 816 731 891 est,
765 815 844 894 quod
864 816 1011 896 Sequester
1033 822 1142 886 addit:

117 960 123 973 ·
167 921 327 984 aMinione.
351 921 421 982 Puto
435 920 508 985 urbe.
530 917 639 978 Verum
662 917 726 991 ejus
754 916 832 993 apud
856 931 965 990 veteres
993 917 1142 997 scriptores

165 1024 298 1085 Romanos
310 1019 411 1083 nullibi
422 1019 455 1080 iit
474 1017 593 1080 mentio.
635 1013 708 1076 lude
728 1014 884 1075 Boccacius
904 1017 1024 1078 mutavit
1038 1017 1142 1095 posuit-

166 1140 233 1199 que,
250 1121 324 1178 laud
337 1118 414 1201 lunge
436 1139 455 1179 a
477 1117 572 1176 Runa.
595 1113 721 1187 Verum,
743 1131 830 1187 ecce,
860 1113 937 1189 qood
954 1116 1012 1189 jam
1036 1117 1143 1194 aliquo·

166 1221 210 1280 ties
229 1219 307 1279 nobis
327 1217 472 1294 contigit,
493 1227 527 1276 ut
550 1212 624 1273 Vibii
644 1211 740 1273 verbis
756 1229 793 1270 ex
806 1207 941 1288 sequioris
964 1215 1061 1275 aetatis
1073 1235 1144 1294 ope·

167 1317 231 1378 ribus
250 1316 334 1378 robur
351 1312 589 1386 conciliarem,
609 1311 640 1372 id
663 1314 690 1374 it
713 1309 779 1372 lreic
796 1309 904 1372 licebit.
941 1311 1063 1371 Miuiun
1088 1333 1144 1392 op·

167 1415 267 1492 pidum,
292 1415 374 1493 quod
394 1411 523 1492 profecto
542 1413 568 1474 δι
587 1409 726 1471 Minionis
741 1410 877 1484 nomine,
900 1423 932 1470 ut
951 1410 1054 1472 fluvios
1073 1411 1142 1490 ipse,

166 1513 248 1572 venire
266 1513 378 1590 potuit,
409 1508 549 1589 aptiffimo
567 1507 635 1570 loco
654 1510 683 1570 ἃ
706 1507 750 1570 bis
772 1507 890 1585 quidem
912 1508 1008 1570 inserit
1030 1509 1144 1572 Rauen·

165 1629 206 1671 nas
225 1629 392 1689 anonymus.
435 1607 478 1670 lta
499 1608 548 1668 ille
571 1607 601 1668 L.
617 1606 666 1672 lV.
686 1625 712 1668 c.
734 1624 781 1682 μ.
808 1605 899 1683 Castro
917 1627 1005 1677 nouo,
1018 1607 1147 1667 Centum·-

165 1709 244 1784 cellis,
264 1709 400 1779 Minium,
428 1706 596 1780 Tabellaria,
625 1699 760 1778 Grauisca
776 1706 830 1765 &o
853 1704 920 1764 dein
938 1705 969 1764 L.
992 1704 1024 1765 V.
1055 1724 1081 1766 c.
1111 1725 1141 1770 2.

166 1808 251 1869 eadem
272 1808 397 1886 repetit,
421 1806 471 1867 ubi
485 1804 559 1868 Plac.
579 1801 744 1864 Porcheron
763 1803 898 1863 adnotat:
926 1803 1071 1862 Miniunen
1088 1823 1145 1862 arn·

164 1926 209 1963 nen
226 1924 272 1964 aut
291 1922 361 1964 cente
380 1905 469 1963 urben
480 1900 569 1984 juxta
585 1896 672 1983 ipsun
686 1900 801 1982 postiam
816 1899 943 1982 intellige.
984 1899 1048 1962 lmo
1075 1921 1143 1964 vcro

163 2021 260 2064 amnem
287 2003 455 2071 nonlicet,
476 2001 578 2063 urbem
598 2014 721 2077 oportet
763 2001 812 2085 Sic
837 1997 913 2062 salva
934 2017 978 2061 res
1003 2001 1053 2062 eli.
1099 2001 1145 2066 De

163 2100 242 2164 liiiio
263 2100 425 2165 Luiltaniae
439 2112 509 2160 nota
524 2097 590 2160 sunt
608 2098 714 2159 omnia.
752 2098 806 2162 0.

543 2261 754 2347 Metaurus

197 2483 222 2526 v.
242 2463 322 2528 Silius
339 2462 376 2526 L.
394 2460 472 2527 VllL
492 2482 520 2524 v.
545 2481 615 2538 45¹·
634 2475 771 2542 flesset..
815 2457 957 2522 Olivarius
977 2459 1014 2520 ad
1031 2459 1140 2528 lllelaor

163 2558 190 2625 L.
206 2561 240 2624 ll.
255 2582 281 2625 c.
300 2585 330 2636 4.
355 2573 461 2624 notat:
490 2579 558 2618 nunc
580 2560 697 2620 Plunba
714 2558 839 2636 fluuius,
865 2579 932 2620 cum
950 2561 1068 2623 retincat
1093 2583 1146 2637 aoy

162 2678 216 2720 aren
239 2662 392 2739 antiquum
417 2656 539 2719 Meturo.
577 2673 731 2720 Gronov.
833 2657 918 2720 Haud
942 2659 1147 2735 proculiano

161 2755 284 2820 Fortunae
303 2760 472 2822 Metaurum
494 2755 628 2818 Umbriae
648 2756 769 2818 fluvium
788 2754 866 2819 locat
884 2757 984 2820 Strabo
1005 2759 1038 2820 L.
1054 2757 1092 2824 V.
1113 2779 1143 2836 p.

163 2874 219 2932 227
240 2859 335 2920 Habet
354 2853 452 2916 similia
469 2854 575 2917 Plinius
605 2856 638 2918 L.
657 2853 709 2918 Ill.
729 2875 755 2920 c.
782 2875 829 2930 14
869 2856 965 2942 Hodie
991 2858 1015 2918 is
1043 2857 1147 2922 fluvios

161 2955 253 3015 Murano
262 2958 425 3032 ,itemque
442 2956 533 3014 Metro
549 2967 674 3017 vocatur.
699 2952 818 3016 Curium
844 2956 905 3030 ejus
929 2957 1063 3036 graphice
1082 2958 1146 3036 pio·

161 3054 195 3130 git
216 3055 296 3118 Silius
323 3055 348 3116 1.
367 3073 393 3129 c.
472 3129 477 3137 ,

267 3192 280 3207 .
320 3193 335 3207 .
380 3184 408 3215 ι,
434 3190 448 3209 .
485 3183 498 3198 ·
540 3191 554 3206 .
595 3189 608 3206 .
680 3145 839 3237 rapidasque
856 3141 966 3228 sonanti

270 3249 379 3312 Vertite
398 3268 569 3331 contorquens
590 3253 677 3311 undas
688 3273 740 3332 per
762 3245 838 3326 saxa
854 3249 1013 3312 Metaurus.
1051 3245 1052 3250 ’

162 3359 258 3424 'labala
271 3363 476 3426 Theodoliana
488 3365 652 3425 Metaurum
668 3365 781 3426 dicit&
797 3364 834 3426 ad
848 3364 916 3426 ostia
932 3333 1005 3426 male
1015 3329 1148 3436 Materia,
1274 3340 1276 3346 Ι

162 3456 242 3523 Habes
258 3466 286 3524 ἀ
298 3462 379 3541 apud
394 3461 560 3524 Cluverium
580 3467 730 3542 antiquum
750 3463 925 3540 lapidem,
916 3483 947 3523 ur
969 3484 1025 3542 quo
1042 3463 1145 3546 legitur

164 3556 292 3623 Marauro.
313 3582 344 3623 v.
364 3559 427 3622 Ital.
452 3562 565 3624 aneL
582 3562 620 3624 ll.
642 3582 669 3626 c.
694 3584 721 3637 5.
748 3561 968 3640 Distinguendus
983 3579 1079 3626 autem
1098 3563 1147 3625 hic

163 3650 300 3721 Umbricos
316 3658 465 3722 Metaurus
484 3660 523 3720 eli
543 3660 579 3721 ab
603 3660 690 3722 alio
680 3675 711 3724 ro
728 3661 861 3736 Bruttiis,
897 3663 935 3723 de
959 3683 1016 3741 quo
1044 3659 1145 3724 Strabo

163 3749 247 3818 LVI.
265 3779 294 3836 p.
316 3767 394 3832 25⁶
419 3758 687 3827 &PliniuaLllL
707 3780 782 3839 ce.
805 3761 892 3824 Nutlc
914 3761 1146 3834 Mnrotocatut

164 3848 327 3919 abaccolis.
371 3857 411 3924 0.
1161 3841 1165 3856 ¹

552 4050 697 4192 ἦ
