3225 5017
388 500 1009 618 1:1·····.i0i
1129 525 1136 539 ’

465 698 608 773 Nomen
631 697 705 793 ejus
720 700 916 773 Romanum
938 699 1116 779 homine'm
1134 696 1253 793 [ignat.
1289 700 1385 774 Nota

391 815 473 885 olim
499 808 647 905 satisque
671 813 839 909 ceiebrata
865 812 933 887 fuit
953 838 1036 908 gens
1057 796 1181 891 Vibia.¹
1194 813 1252 889 Ast
1268 818 1385 885 Vibius

392 928 567 1025 Sequesien
584 945 754 1019 quantum
780 927 935 1011 constat,
956 927 1116 1012 aliunde,
1139 952 1244 1021 quam
1263 953 1305 999 ex
1317 926 1386 1002 hoo

393 1039 533 1121 libello,
553 1058 657 1113 notus
674 1064 747 1113 non
772 1040 829 1122 est.
890 1041 998 1129 Quod
1024 1045 1116 1112 enim
1133 1042 1386 1133 Glandorpium

395 1155 435 1226 in
455 1154 665 1227 onomastico
684 1157 843 1229 Romano
859 1153 998 1226 asserere
1026 1156 1188 1227 nonnulii
1212 1152 1387 1233 referunt,

395 1268 469 1362 ejus
487 1274 701 1342 mentionem
723 1273 761 1343 in
783 1274 929 1362 antiquo
954 1271 1064 1363 lapide
1084 1265 1181 1350 fieri,
1205 1269 1242 1341 id
1258 1288 1388 1339 vanum

394 1380 457 1455 esse
480 1381 696 1481 falsumque,
724 1381 901 1479 inspeiius
939 1380 1010 1479 ipse
1046 1383 1171 1477 optimi
1197 1382 1267 1453 viri
1290 1381 1387 1453 locus

395 1521 449 1569 me
473 1498 603 1569 docuit.

466 1694 658 1794 Sequrstrem
689 1695 820 1771 dictum
841 1691 905 1766 eii'o
922 1692 1089 1774 Vibium,
1117 1693 1289 1765 librorum
1306 1688 1390 1763 scri·
1403 1710 1411 1730 ”

395 1825 537 1901 ptorum
558 1812 762 1883 auiioritate
781 1807 862 1906 satis
880 1806 928 1879 est
946 1808 1119 1885 eviiium3
1151 1829 1391 1898 nequaquan.
1484 1829 1489 1837 ‘

396 1946 500 2012 quam
530 1948 615 2016 puto
636 1920 732 2011 fore,
762 1927 829 2017 qui¹
847 1945 927 1994 cum
942 1921 1133 1993 Vincentio
1152 1920 1333 1993 Mirabella
1351 1922 1392 1991 in

397 2034 676 2127 Antiquitatibus
702 2034 923 2128 Syracusanis
940 2060 974 2128 p.
997 2035 1077 2126 10'4.
1100 2036 1281 2133 Equestrem
1301 2031 1392 2110 salu-

398 2150 542 2221 tandum
569 2149 643 2239 fibi5
657 2150 870 2244 persuadeat.
908 2151 1106 2250 Sequcstrum
1124 2147 1319 2219 vocandum
1330 2172 1394 2239 pu-

399 2265 487 2334 tarot
511 2266 594 2337 olim
616 2263 686 2353 Jos.
713 2268 873 2359 Scaliger.
923 2265 976 2337 Ita
1006 2264 1099 2333 enim
1129 2264 1168 2333 in
1198 2261 1391 2345 Leojonib.

398 2370 609 2449 Ausonianis
625 2402 696 2473 rap,
721 2396 751 2466 5.
804 2429 829 2463 „
847 2378 934 2449 Aliis
950 2376 1215 2468 vocaturAtyr‚
1235 2376 1397 2451 utVibio

401 2488 595 2579 Sequestro.
612 2542 637 2583 „
688 2492 824 2563 Verum
848 2492 948 2563 reite·
962 2464 1213 2562 haiiicasione
1229 2514 1273 2559 ex
1284 2488 1394 2565 Geth.

399 2599 479 2686 Joh.
503 2601 623 2674 Voffio
639 2605 885 2679 animadvertit
901 2605 1004 2676 Laut.
1022 2602 1157 2677 Theod.
1177 2604 1396 2684 Gronovius,

403 2710 507 2805 (luem
531 2717 623 2789 inter
645 2718 817 2789 Vibianos
835 2722 1042 2810 interpretes
1061 2720 1275 2809 recepimus,
1308 2722 1396 2810 „Si-

403 2876 427 2909 ‚2
454 2832 609 2928 questrum
629 2828 794 2925 usurpare
816 2834 977 2904 Plautum
1004 2849 1108 2924 atque
1124 2833 1334 2923 Virgilium,
1362 2847 1401 2909 at

403 2988 427 3020 „
456 2932 577 3015 tertiae
600 2970 741 3039 quoque
759 2946 1001 3020 declinationis
1017 2942 1101 3029 eise,
1116 2962 1233 3037 patere
1252 2969 1295 3014 ex
1308 2945 1398 3017 Tur.

402 3101 427 3133 υ
455 3054 521 3136 lio,
549 3059 610 3149 qui
634 3062 671 3129 in
697 3060 731 3131 II
754 3061 789 3131 V
790 3062 923 3132 errina:
951 3062 1203 3158 Autsequestres
1223 3082 1282 3129 aut
1299 3061 1398 3129 inrer-

354 3268 355 3273 η
403 3216 426 3248 ,,
446 3193 550 3259 prutes
569 3176 788 3265 corrumpendi
795 3176 929 3263 judicii.
946 3225 970 3255 „
1020 3174 1127 3247 Addit
1141 3175 1345 3246 Gronovius
1359 3178 1399 3244 in

357 3279 360 3297 ‘
404 3282 508 3353 initio
537 3286 644 3357 libelli
669 3289 742 3361 MS.
769 3284 1037 3361 Mediolanenfis
1073 3289 1228 3380 itemque
1259 3291 1299 3359 in
1327 3283 1397 3365 fine

403 3394 491 3487 legi:
530 3402 618 3469 Vibii
635 3405 805 3503 Sequeflris
832 3407 870 3473 dc
896 3404 1098 3474 Fluminibus
1148 3455 1158 3475 .
1211 3456 1219 3473 .

457 3606 599 3683 Constat
612 3598 704 3708 ¹'ergo
740 3612 784 3687 fio
814 3612 893 3687 satis
917 3614 959 3688 da
981 3618 1150 3695 nomine3
1186 3638 1259 3685 non
1289 3634 1397 3705 aeque

409 3717 451 3789 de
468 3724 594 3812 patria,
619 3753 722 3820 quam
737 3726 879 3821 prorsus
899 3733 1113 3823 ignoramus.
1141 3728 1268 3819 Neque
1279 3749 1397 3817 porro,

410 3856 514 3925 quam
539 3858 647 3913 artom
673 3844 729 3914 vei
748 3840 819 3935 ipse
837 3846 892 3916 vel
915 3844 1131 3938 Virgilianus
1152 3837 1301 3925 filiusfit
1320 3862 1401 3930 pro-

408 3942 533 4051 fessus,
558 3958 597 4047 in
620 3974 760 4049 promtu
783 3956 831 4029 est
856 3958 993 4042 diceres
1020 3959 1146 4033 litteris
1168 3948 1299 4030 navasse
1320 3974 1403 4044 ope·

408 4082 506 4149 ram,
537 4092 591 4141 res
612 4066 684 4163 ipsa
708 4070 821 4143 docet
