3225 5017
458 461 537 569 156
677 475 858 539 noran
915 475 1230 566 utrumnum

451 633 581 699 litienum
597 646 710 708 tuetur,
727 633 939 711 confirmasset3
959 646 989 698 at
1003 631 1053 698 ille
1067 634 1103 697 de
1117 636 1198 700 Oaxe
1212 635 1299 700 fluuio
1316 636 1380 700 alius
1395 639 1432 700 vi«

451 734 521 796 dere
539 733 637 811 jubet,
673 732 758 809 dese,
787 732 874 795 lives
895 751 997 796 omnes
1026 735 1180 814 geographi
1203 754 1270 796 euru
1298 735 1328 796 in
1356 736 1429 798 Creta

451 832 533 902 fuisse
566 830 722 906 dixissent,
754 844 851 894 tamen
883 845 1051 910 negaturum
1082 834 1169 907 dicit,
1206 831 1313 912 Virgilii
1336 831 1432 894 senten·

333 959 337 964 ’
451 933 507 995 riae
524 950 702 1010 congruere,
730 945 763 994 ut
790 930 839 992 hic
867 929 948 993 locus
973 932 1011 992 de
1031 931 1114 994 Creta
1154 929 1244 994 insula
1275 931 1431 1007 accipiatur,

451 1031 530 1109 quod
552 1031 648 1108 inopia
665 1029 890 1092 testimoniorum
902 1047 939 1092 ex
959 1031 1126 1108 antiquitate
1150 1029 1186 1090 de
1206 1029 1289 1092 Oaxe
1313 1026 1432 1106 Scythiae

451 1129 519 1192 fluv.
540 1129 603 1190 fieri
625 1127 719 1206 palam
741 1129 791 1195 est.
849 1127 998 1190 Salmasius
1026 1129 1143 1205 quidem
1169 1128 1199 1188 in
1224 1127 1344 1189 Exercit
1370 1123 1431 1185 Plin.

449 1246 515 1306 pag.
532 1236 602 1299 ⁶⁹2·
625 1228 739 1289 Oaxem
756 1227 825 1288 fluv.
842 1225 943 1288 Cretae
956 1224 1069 1288 nullum
1084 1223 1139 1287 else
1152 1224 1273 1300 scribit,
1296 1223 1432 1288 &Oaxen
1493 1229 1494 1236 ’

450 1325 560 1405 Virgilii
581 1325 679 1388 Oxum
703 1326 814 1403 (quem
836 1321 968 1403 Scythiae
991 1325 1062 1390 fluv.
1088 1323 1143 1386 eise
1172 1343 1209 1386 ex
1233 1323 1312 1387 Mela
1331 1324 1379 1389 111.
1408 1343 1432 1395 ς.

450 1424 578 1488 constare
594 1423 704 1501 potest)
729 1421 802 1498 else,
837 1423 960 1501 antiquis
992 1423 1050 1484 sinc
1085 1424 1247 1486 discrimine
1277 1424 1433 1487 Oaxum&

451 1525 552 1588 Oxum
571 1524 684 1594 vocari,
703 1522 889 1600 pronunciat,
920 1521 1028 1584 &stne
1056 1521 1113 1584 ulla
1137 1524 1286 1585 mentione
1312 1522 1382 1584 Vibii
1408 1523 1432 1582 dt

449 1622 584 1685 Varronis
600 1633 715 1698 poetam
730 1639 790 1680 non
810 1620 861 1682 nist
879 1619 998 1697 ridicule
1018 1620 1154 1683 decreta
1177 1623 1286 1700 exponi
1306 1619 1379 1700 pulle
1398 1618 1434 1677 di·

450 1721 508 1784 cit.
528 1719 674 1798 Serviique
694 1717 817 1780 dealba
837 1718 906 1780 limo
928 1717 1136 1796 expositionem
1154 1719 1266 1797 probat
1310 1719 1363 1782 Sed
1373 1713 1433 1778 mihi
1493 1745 1494 1780 3

450 1839 496 1882 res
517 1818 690 1892 intricatior,
713 1836 799 1896 quam
823 1837 894 1896 quae
917 1817 1002 1896 plane
1023 1817 1152 1895 expediri
1185 1831 1290 1896 queat,
1318 1819 1343 1881 dr
1372 1811 1433 1890 ejus·
1493 1820 1494 1880 l

449 1916 531 1979 modi
544 1934 635 1994 prope
647 1914 702 1976 elie
719 1916 852 1991 videtur,
871 1928 904 1979 ut
919 1913 1030 1978 facilius
1049 1930 1167 1994 utraque
1183 1915 1323 1979 sententia
1339 1911 1430 1987 roselli,
1493 1941 1494 1944 ¹

450 2035 537 2094 quam
553 2013 687 2078 alterutra
700 2032 798 2076 earum
821 2010 989 2090 stampinsem
1006 2013 1119 2076 stabiliri
1142 2014 1237 2093 possit.
1294 2016 1367 2078 Nam
1385 2029 1433 2072 nec
1493 2037 1494 2044 ¹

449 2112 514 2175 satis
531 2111 630 2174 causae
649 2112 706 2185 eli,
738 2132 790 2174 cur
807 2110 855 2173 vel
872 2110 948 2174 Vibii
974 2111 1061 2174 fidem
1092 2115 1123 2175 in
1150 2113 1294 2177 laudando
1318 2115 1432 2176 Varrone
1493 2155 1494 2158 ,

449 2209 604 2291 suspersam
626 2210 747 2285 habere,
781 2209 829 2272 vel
854 2209 980 2272 eundem
1004 2211 1190 2293 negligentiae
1222 2212 1357 2275 errorisve
1379 2209 1434 2271 ins·
1493 2201 1494 2226 l

449 2309 559 2376 mulare
576 2308 750 2384 debeamus3
774 2309 823 2372 etsi
835 2309 892 2371 hoc
910 2307 1097 2388 suspicionem
1110 2312 1233 2390 aliquam
1248 2315 1348 2375 erroris
1364 2329 1432 2390 prae·

332 2450 336 2456 ·
450 2410 519 2472 bere
539 2409 657 2486 potest,
691 2409 769 2486 quod
790 2409 926 2482 Servius,
960 2429 1027 2470 cum
1058 2411 1170 2472 Oaxem
1198 2412 1338 2490 oppidum
1362 2407 1432 2472 fuisse
1493 2399 1494 2468 ξ

450 2509 551 2571 Cretae
568 2507 701 2567 Varronis
720 2507 887 2568 austeritate
902 2507 1022 2583 doceat,
1047 2509 1193 2572 defluvio
1219 2510 1260 2571 nil
1283 2521 1430 2578 memorat,
1493 2565 1494 2586 q

450 2606 531 2686 quod
552 2619 648 2665 tamen
672 2604 751 2666 locus
773 2604 833 2682 ipse
849 2605 1027 2683 requirebat,
1050 2609 1210 2688 &omnino
1230 2603 1431 2672 fadurussuillc

448 2706 581 2776 videtur,
604 2703 622 2764 fi
645 2721 711 2765 eum
733 2702 810 2780 apud
832 2705 988 2767 Varronem
1003 2705 1162 2768 invenisset
1194 2706 1301 2770 Rursus
1313 2707 1431 2768 omnium
1493 2713 1494 2774 l

447 2803 569 2866 aliorum
586 2800 812 2879 geographorum
827 2804 863 2863 de
876 2803 957 2875 Oaxe
970 2803 1070 2865 Cretae
1090 2803 1229 2867 silentium
1250 2827 1310 2868 non
1329 2801 1429 2866 minimi

447 2901 582 2980 ponderis
600 2914 798 2977 argumentum
819 2901 858 2962 est
877 2920 929 2978 pro
950 2903 1005 2976 iis,
1031 2904 1078 2980 qui
1098 2921 1165 2965 eum
1180 2905 1301 2968 lluuium
1320 2907 1349 2966 in
1358 2905 1431 2968 Creta

446 2997 529 3062 fuisse
545 3012 657 3076 negant„
701 2997 736 3058 ln
752 2997 875 3060 Salmasri
897 3017 992 3062 autem
1015 3001 1170 3076 sententia,
1197 3005 1216 3066 sr
1248 3005 1296 3067 vel
1317 3005 1430 3068 maxime

447 3098 570 3170 demus,
587 3095 711 3158 eundem
725 3095 781 3157 else
789 3097 888 3159 Oxum
908 3100 1060 3163 &Oaxurn
1082 3105 1185 3180 (quod
1199 3118 1297 3166 tamen
1307 3103 1432 3183 liquidius
1493 3125 1494 3152 t

448 3196 669 3258 demonstratum
691 3197 838 3274 oportuit,
863 3217 917 3260 nec
930 3197 1062 3260 Salmasro
1081 3201 1243 3279 simpliciter
1264 3207 1292 3265 ἀ
1312 3202 1367 3264 srne
1381 3199 1431 3262 ulla

447 3294 507 3354 fere
525 3297 691 3357 auctoritate
710 3296 749 3358 ita
766 3299 963 3373 pronuntianti
984 3299 1060 3360 credi
1080 3301 1192 3380 potell)
1216 3317 1314 3366 tamen
1332 3303 1379 3365 hic
1393 3299 1431 3360 su·
1493 3309 1494 3364 l

447 3391 539 3469 petest
553 3390 722 3469 scrupulus,
736 3414 788 3457 cur
804 3400 890 3473 poeta
918 3396 1138 3480 declinationem
1157 3421 1191 3463 ac
1211 3403 1431 3464 terminationem

445 3487 521 3550 illius
535 3491 660 3551 nominis
685 3496 855 3568 mutaverit,
880 3498 908 3557 dt
935 3497 1047 3558 Oaxem
1071 3500 1166 3577 potius
1195 3521 1281 3578 quam
1308 3503 1430 3571 Oaxurn,

446 3587 525 3666 quod
545 3586 618 3648 salva
633 3587 697 3666 lege
714 3594 797 3652 metri
813 3606 947 3670 poterat,
970 3597 1083 3658 dixerit.
1128 3599 1184 3661 Sed
1214 3599 1273 3663 boc
1304 3595 1432 3679 quicquid

444 3685 502 3762 est,
518 3687 550 3748 in
569 3704 605 3748 co
627 3688 747 3748 omnino
764 3690 905 3754 assensor
929 3691 1044 3756 Florido
1060 3695 1165 3758 Sabino
1178 3701 1214 3761 dt
1232 3698 1380 3770 Salmasro,
1403 3709 1430 3758 ut

444 3782 740 3862 putem,sententiam
759 3806 794 3850 ac
813 3805 941 3853 mentem
963 3797 1064 3870 podtae
1078 3814 1253 3876 repugnare,
1272 3797 1432 3878 quominus

444 3882 493 3944 iric
510 3881 590 3946 locus
610 3883 648 3945 de
670 3884 754 3948 Creta
771 3886 861 3950 insula
882 3889 1078 3970 intelligatur,
1112 3897 1260 3976 proboque
1288 3896 1432 3974 expositio·

443 3999 511 4040 nem
522 3981 627 4056 Servii,
652 4002 754 4046 vocem
774 4003 861 4046 cretae
883 4007 935 4066 pro
958 3994 1076 4054 nomine
1092 3997 1239 4059 communi
1254 3995 1430 4076 accipientis,

443 4079 471 4136 er
491 4078 614 4157 rapidum
633 4100 720 4142 cretae
744 4085 974 4165 interpretantis,
989 4091 1140 4156 velocitate
1154 4091 1202 4158 sua
1222 4096 1378 4174 rapientem
1396 4090 1430 4152 al·
