3225 5017
568 420 804 543 ΜΦ
1136 448 1190 521 ne

243 644 272 724 t.
301 624 515 722 Sequestrem
542 614 724 696 authorum
749 619 874 715 scripta
900 624 939 694 in
969 614 1075 711 usum
1085 622 1191 705 suum

195 738 422 823 convertisse,
451 762 538 831 quae
555 761 650 809 nunc
670 720 737 809 sint
760 741 797 807 in
819 737 1028 835 deperditis,
1048 758 1124 815 tum
1142 765 1188 817 ex

197 863 294 935 diuis
315 866 433 949 patet,
470 868 546 927 tum
566 854 714 923 maxime
738 846 781 922 esi
798 876 858 935 eo,
888 839 984 943 qrsod
1006 858 1191 949 regionum

196 971 410 1069 quarundam
440 963 664 1058 descriptioni
708 962 888 1036 inhaereat
932 957 1213 1063 studiofiffime,'

194 1088 439 1178 compluraque
460 1104 503 1151 ex
518 1078 590 1150 istis
614 1078 756 1149 nomina
773 1072 913 1161 afferat,
941 1082 986 1151 iis
1013 1106 1102 1173 quos
1133 1081 1190 1155 su.¹

194 1200 351 1295 perstites
373 1196 541 1267 habemus
569 1189 797 1285 scriptoribus
833 1195 967 1285 ignota.
1019 1194 1101 1269 Huc
1137 1222 1192 1269 re·

196 1312 337 1385 ferenda
354 1307 437 1382 sunt
459 1332 515 1391 ca,
542 1324 629 1397 quae
654 1307 695 1377 de
717 1304 940 1398 Dyrrachina
963 1310 1192 1405 topographia

196 1428 347 1502 auctoris
366 1424 566 1495 monuimus
584 1417 712 1513 paffim.
740 1418 876 1493 Illustre
895 1424 1091 1515 exemplum
1104 1450 1192 1518 quo-

199 1566 267 1635 que
292 1555 384 1611 extat
407 1540 446 1608 in
464 1538 594 1631 Langia
617 1530 734 1617 sonte,
766 1557 871 1627 quem
888 1538 1116 1608 Archemorum
1144 1536 1195 1611 sa·

196 1656 348 1726 lotatum
364 1648 524 1743 perhibet
540 1645 675 1727 noster;
691 1642 738 1719 ast
758 1646 794 1719 id
812 1647 1010 1722 inauditum
1031 1649 1194 1745 penitus,

198 1766 262 1839 nisi
280 1765 376 1858 quod
392 1762 536 1841 testetur
550 1764 650 1836 Statii
675 1759 871 1835 scholiastes
894 1763 938 1835 ud
951 1763 1065 1837 Theb.
1079 1768 1117 1841 [ἡ
1129 1768 1193 1847 lV.

197 1900 234 1952 v.
254 1888 337 1969 824.
367 1902 410 1949 ex
436 1902 508 1969 quo
535 1872 650 1959 forsan
672 1874 786 1949 haufit
817 1878 958 1957 Vibius.
1011 1881 1196 1975 Quicquid

199 1990 259 2073 fit,
284 1990 437 2093 adhunc
454 1992 570 2061 locum
593 1989 741 2059 eundem
762 1992 887 2084 Cuspar
903 1993 1064 2067 Barthius
1085 2050 1108 2085 ,‚
1122 2021 1197 2068 non

201 2164 223 2203 ‚,
240 2102 479 2199 spernendum
491 2105 666 2173 austorem
688 2101 773 2174 dicit
787 2103 957 2187 Vibium,
982 2112 1046 2199 qui
1056 2106 1196 2185 nonnisi

199 2248 228 2293 υ
241 2214 352 2291 multa
373 2210 521 2288 lectione
538 2210 619 2287 suos
634 2214 816 2314 *indiculos
834 2224 1059 2317 pompegerit.
1074 2272 1099 2309 „

254 2442 289 2503 6.
314 2428 408 2504 Usus
435 2426 483 2501 est
504 2428 605 2501 Vibii
622 2420 740 2499 libello
757 2425 839 2513 Joh.
858 2427 1041 2501 Boocacius
1058 2429 1101 2503 de
1114 2433 1200 2504 Cer-

205 2540 323 2627 caldo,
347 2538 564 2639 quisaeculo
581 2540 673 2615 XIV
698 2538 843 2613 similem
868 2540 926 2613 isti
948 2544 1100 2621 laborem
1127 2544 1197 2620 sus-

206 2663 328 2753 cepit,
363 2655 450 2729 serie
485 2656 699 2739 fluminum,
731 2651 909 2738 sontium,
937 2656 1100 2742 lacuum,
1140 2686 1201 2731 ue-

205 2798 347 2847 morum
369 2775 401 2844 δι
423 2768 469 2843 fic
490 2794 596 2864 porro
610 2772 827 2843 concinnata.
881 2771 925 2846 ln
941 2794 983 2846 eo
1013 2771 1200 2846 candorem

207 2891 277 2961 viri
294 2883 487 2957 desiderant
507 2887 663 2957 certatim
683 2883 831 2967 eruditi,
869 2885 965 2977 quod
985 2904 1116 2959 nomen
1144 2884 1202 2960 Se·

207 2999 358 3094 quesitis
379 2996 541 3093 presserit.
577 3000 778 3092 Utrumque
794 2992 942 3071 Vibium
958 3016 1062 3094 atque
1079 3000 1214 3084 bocca„

208 3106 305 3188 cium
333 3111 534 3207 frequenter
551 3114 707 3206 contusi,
731 3114 949 3207 alterumque
969 3114 1071 3187 alteri
1086 3113 1203 3189 lucem

208 3230 371 3323 praebere
393 3224 516 3325 jussu,
593 3276 597 3285 ·
