3225 5017
436 604 518 693 374
668 588 857 655 norae
919 580 1230 657 vernonum

437 764 465 825 a
489 777 562 839 quae
583 756 747 832 sequuntur.
771 746 869 811 Tmoli
894 760 1032 809 cacumen
1065 739 1160 803 vocari
1186 738 1319 822 Tempfln‚
1337 726 1436 797 auctor

435 860 475 921 est
490 858 596 920 Plinius
621 854 653 918 L.
675 849 739 912 Vll.
772 868 796 911 c.
821 858 869 920 48.
914 846 1097 907 Hodiernum
1127 859 1234 903 numen
1258 837 1367 899 montis
1396 834 1437 893 est

437 958 553 1040 bordag
570 955 627 1015 five
652 972 726 1010 mons
749 948 881 1008 laetitiae.
916 942 1090 1007 Leunclavio
1127 938 1272 1019 Tamalitpe
1304 933 1434 1003 salutari,

436 1057 524 1120 refert
549 1052 685 1117 Ortelius.
722 1047 861 1111 Tmolum
890 1044 990 1107 urbem
1027 1058 1143 1119 quoque
1174 1038 1266 1099 monti
1296 1034 1436 1108 adjectam

437 1154 537 1229 rutae,
562 1166 626 1220 tum
648 1170 686 1215 ex
706 1148 810 1212 Tacito
842 1144 957 1223 aliisque
990 1138 1193 1219 scriptoribus,
1227 1149 1289 1197 tum
1322 1149 1360 1191 ex
1382 1126 1437 1189 bair

438 1253 557 1317 Tiberio
578 1252 687 1324 iocata,
711 1251 793 1323 cujus
826 1246 936 1308 mentio
963 1241 1036 1303 facta
1064 1236 1188 1300 anobis
1220 1252 1283 1314 pag.
1310 1236 1378 1298 168.
1407 1227 1437 1285 in

439 1372 495 1431 qua
516 1354 591 1414 inter
620 1350 758 1412 restitutas
775 1346 811 1408 ab
831 1365 866 1407 eo
889 1342 973 1406 urbes
999 1339 1163 1401 nominatur
1183 1340 1350 1402 τΜΩΛοΣ,
1373 1344 1438 1403 pro·

440 1452 489 1513 bat
507 1450 642 1513 Ceiiarius
664 1451 701 1511 N.
723 1448 760 1510 Ο.
783 1448 816 1511 A.
844 1445 874 1507 L.
895 1442 948 1507 111.
978 1460 1003 1505 c.
1022 1460 1050 1515 4.
1075 1437 1175 1509 Adde,
1201 1446 1356 1493 nummum
1371 1444 1439 1502 quo-

441 1570 498 1628 que
516 1563 613 1632 extare
633 1547 753 1610 Sabinae
778 1542 935 1623 Augustae,
963 1552 1152 1601 memoratum
1166 1528 1328 1594 Wheclero
1348 1526 1380 1585 in
1396 1522 1439 1582 iti·

443 1648 556 1708 nerario
574 1666 603 1706 n.
626 1667 674 1721 90·
695 1648 723 1708 ἃ
745 1642 897 1705 Vaillantio
921 1642 952 1701 in
973 1639 1041 1703 NN.
1053 1636 1128 1717 Imp
1146 1630 1283 1707 Graecis,
1298 1624 1349 1705 qui
1363 1640 1438 1703 prae·

442 1746 499 1809 fert
523 1765 633 1810 nomen
658 1754 851 1811 τΜΩΛΙτΩΝ.
895 1740 933 1803 0.

837 1904 1049 1989 Taburnus

485 2114 560 2191 Lege
579 2106 733 2170 Cellarium
754 2106 790 2169 G.
817 2106 847 2171 t.
874 2104 906 2167 L.
925 2102 964 2167 ΙΙ.
990 2120 1053 2180 cap.
1078 2118 1107 2175 9.
1134 2099 1162 2161 ἀ
1187 2091 1309 2157 Vlltium
1329 2090 1367 2153 ad
1377 2088 1442 2152 Gra*

442 2215 475 2277 tri
499 2210 557 2275 aar.
581 2228 684 2289 cyneg.
705 2226 732 2267 r.
757 2226 826 2281 509.
849 2204 900 2267 ubi
1459 2265 1460 2271 ἵ

663 2343 677 2355 -
757 2338 772 2358 .
815 2302 931 2365 Caudiri
948 2296 1023 2379 fizxa
1052 2295 1179 2357 Tabumi.
1304 2304 1441 2353 massua.

486 2451 510 2480 „
533 2409 646 2470 Gratius
662 2406 682 2467 l.
697 2426 723 2469 c.
747 2424 807 2465 non
825 2420 980 2483 amoenum
998 2400 1025 2462 &
1042 2394 1205 2459 oliviferum
1222 2390 1372 2463 describit,
1395 2387 1441 2449 sed

442 2522 628 2583 „tanquam
653 2505 803 2567 horridum
827 2500 920 2565 &vel
943 2496 1059 2562 furculis
1068 2494 1207 2558 Caudinis
1224 2502 1439 2569 congruentem.

447 2648 470 2688 ,ρ
492 2602 587 2666 Habet
608 2618 706 2667 tamen
727 2608 756 2667 ἀ
779 2602 898 2675 Vibius,
931 2618 989 2678 quo
1012 2596 1040 2659 se
1060 2610 1183 2674 patrono
1216 2603 1338 2653 tueatur.
1382 2589 1442 2649 Vir-

448 2746 471 2780 „
492 2703 574 2784 gilius
598 2704 701 2783 Georg.
733 2703 772 2797 L.
785 2694 823 2764 11.
843 2722 871 2765 v.
892 2711 939 2776 38.

721 2833 734 2845 ·
815 2839 827 2859 a
864 2796 947 2877 juvar
978 2784 1085 2877 Ismara
1112 2792 1226 2855 Baccho

571 2943 595 2975 ‚,
618 2892 773 2973 Conserere,
791 2915 872 2977 atque
893 2895 954 2955 olea
968 2914 1091 2976 magnum
1108 2891 1197 2973 vestire
1216 2890 1378 2951 Tabam.

447 3068 471 3100 ‚,
493 3022 544 3087 ubi
563 3024 692 3086 Servius:
707 3020 846 3105 figmficar
857 3064 869 3091 ,
891 3022 971 3080 etiam
989 3011 1166 3096 monruafir&
1187 3010 1371 3095 asperadbca
1392 3032 1445 3073 terr·

449 3169 471 3199 „
493 3124 579 3183 tanda
601 3124 636 3183 ad
653 3120 793 3183 culturam
813 3116 870 3198 effe.
902 3118 998 3197 Quod'
1011 3136 1080 3181 vero
1093 3117 1281 3193 interpretum
1301 3110 1352 3175 hic
1364 3113 1445 3175 Carn-

451 3265 473 3297 „
493 3223 619 3298 pamiae,
640 3217 689 3281 ille
711 3220 829 3298 Apuliae
849 3219 947 3281 tribuit
971 3216 1164 3289 Taburnum,
1184 3226 1296 3281 errant,
1328 3214 1377 3289 qui
1400 3233 1446 3273 au-

451 3364 472 3394 „
495 3323 574 3380 tiore
593 3320 690 3381 Gratia
712 3320 857 3410 Caudinus
881 3318 943 3387 est,
976 3306 1231 3393 propeCaudium
1263 3310 1388 3371 existens
1416 3312 1445 3371 in

448 3458 472 3489 ,‚
494 3417 620 3481 Samnio.
639 3462 664 3497 ‚2
703 3419 782 3484 Haec
803 3408 948 3482 Cellariu's.
971 3415 1079 3475 Verum
1093 3411 1212 3479 Vibius,
1236 3426 1300 3469 mea
1332 3408 1446 3485 quidem

451 3512 606 3588 sententia,
629 3515 703 3577 male
719 3517 889 3579 se‘tuebitur
904 3514 1040 3594 Virgilio,
1063 3513 1110 3591 qui
1131 3530 1192 3571 non
1214 3507 1306 3569 olivae
1324 3508 1448 3569 feracem

451 3611 547 3677 scribit
566 3626 715 3683 montem,
757 3615 806 3675 sed
836 3617 1047 3693 impatientem
1082 3612 1101 3672 sr
1130 3610 1246 3690 quidem
1278 3608 1450 3668 tentandum

455 3712 601 3791 praecipit
626 3712 712 3773 Porro
729 3713 843 3776 Servius
856 3758 865 3788 ‚
875 3714 971 3789 judice
992 3708 1112 3774 Camillo
1133 3708 1283 3787 Peregrino
1316 3708 1355 3767 de
1371 3708 1451 3770 Cam-

371 3819 373 3823 ’
456 3814 540 3889 pania
571 3811 630 3875 Feb
660 3811 726 3875 Diis.
759 3812 796 3873 ΙΙ.
825 3832 850 3881 c.
878 3820 925 3874 26.
975 3810 1058 3873 latius
1078 3809 1191 3873 locutus
1228 3804 1284 3867 effe
1319 3807 1451 3873 videtur,

427 3926 433 3936 “
454 3908 554 4003 suique
571 3913 635 3975 aevi
656 3910 862 3989 Campaniam,
885 3912 964 3988 quod
987 3910 1131 3973 &fecerit
1155 3906 1239 3979 alibi,
1271 3902 1450 3968 intellexisse.

454 4010 544 4073 Recte
568 4027 665 4076 autem
691 4011 805 4075 Vibium
827 4010 980 4075 attribuere
1010 4006 1182 4072 Samnitibus
1205 4002 1377 4067 Taburnum
1405 4000 1450 4061 ad·

454 4109 532 4184 jicit3
556 4113 661 4191 quippe
681 4114 730 4190 qui
743 4114 817 4173 inter
833 4111 973 4175 Caudium
987 4109 1073 4171 fuerit
1090 4110 1118 4169 ἃ
1135 4106 1342 4167 Beneventum.
1372 4100 1449 4160 ldem

458 4205 546 4269 hodie
566 4210 670 4272 Taumo
698 4214 793 4277 vocari
821 4210 961 4292 perhibet.
1005 4206 1073 4271 Aliis
1097 4206 1182 4265 Tabur
1204 4203 1273 4283 item
1296 4200 1399 4259 Tabam
1413 4194 1451 4255 sa·
