3225 5017
328 499 331 504 ·
430 483 516 566 ,130
645 464 1193 588 norinvcnionum

434 655 518 704 mum
551 630 648 694 referri
674 640 896 692 monumentum
926 624 1051 701 debere,
1086 623 1165 704 quod
1201 635 1328 688 ceterum
1349 624 1430 686 vitiis

373 769 376 775 ·
432 737 543 814 aliquot
563 732 660 794 scatet.
703 729 750 791 Sic
763 739 820 786 aiz
846 725 1061 803 N1>312estpro
1081 736 1149 782 Tisi:
1180 734 1293 784 ΝῐΣΗΣ.
1357 719 1429 784 Nisa

431 836 514 897 enim
530 831 671 910 oppidum
688 826 799 890 Siciliae
817 825 890 899 suit,
916 824 985 886 telle
1009 822 1182 902 Thucydide
1203 821 1234 884 L.
1251 821 1303 884 lll.
1356 835 1431 888 tam.

432 934 484 996 etsi
508 947 594 1010 neget
623 925 776 989 Dorvillius
797 925 830 985 in
857 922 958 986 Siculis
987 923 1023 984 T.
1038 922 1061 984 1.
1079 941 1108 1000 p.
1127 939 1196 998 270.
1222 919 1340 981 humani
1358 919 1431 998 quid

435 1029 536 1110 passus.
581 1028 705 1090 Certe&
720 1023 797 1085 aliud
813 1041 935 1083 marmor
948 1014 1028 1100 apud
1041 1023 1100 1084 Ser.
1122 1018 1272 1080 Castellum
1293 1038 1356 1096 pag.
1380 1039 1432 1088 eo.

437 1139 750 1194 nissnesosvnviu
767 1133 995 1195 commemorat.
1039 1119 1082 1182 Ad
1103 1137 1166 1180 eam
1184 1135 1299 1196 quoque
1329 1114 1431 1179 Nisam

434 1246 587 1294 nummum
605 1223 700 1287 Golzii
719 1220 886 1298 inscriptum
909 1230 1053 1278 ΝΙΣΑΙΩΝ
1076 1217 1162 1280 trahit
1177 1217 1306 1280 laudatus
1325 1214 1432 1277 Castel-

436 1325 482 1388 los
503 1326 522 1386 l.
542 1346 568 1386 c.
588 1326 637 1401 qui
648 1322 726 1384 urbis
746 1320 843 1382 locum
865 1318 940 1379 circa
968 1311 1214 1393 Calaraniffittam,
1246 1315 1295 1378 ubi
1316 1312 1432 1378 inventi

439 1424 569 1502 lapidet,
592 1420 786 1500 quaerendum
809 1416 958 1480 existimat.
1004 1415 1041 1478 O.

479 1528 508 1590 'in
526 1537 598 1594 duas
612 1531 811 1613 findipartes)
835 1551 862 1590 v.
878 1528 961 1591 Silius
981 1527 1013 1590 L.
1029 1527 1110 1595 XIV,
1136 1548 1165 1590 v.
1192 1547 1261 1608 233.

559 1647 667 1707 littora
690 1645 877 1717 Thrnnaruin,
892 1663 946 1722 qua
966 1642 1091 1724 mergitur
1108 1642 1221 1703 Himera
1244 1659 1330 1724 ponto

564 1743 661 1807 Aeolio
677 1764 692 1816 ,·
723 1763 786 1802 nam
812 1741 941 1802 dividuas
949 1740 980 1814 le
993 1735 1096 1815 semilis
1116 1741 1144 1800 in
1169 1762 1255 1810 oras,

560 1843 623 1904 Nec
642 1841 729 1900 ninus
748 1835 862 1915 occasus
882 1839 953 1920 petit
971 1837 1079 1908 incita,
1101 1856 1181 1920 quarn
1199 1841 1270 1922 perit
1290 1857 1390 1911 ortus,

451 1952 455 1958 '
495 1928 500 1943 ’
562 1940 701 2002 Nebrodes
726 1938 824 2021 gerilini
847 1937 932 1997 nutrit
952 1937 1069 1998 divortia
1081 1934 1179 2016 fomis.
1305 1953 1431 2006 cLAUD.

434 2055 605 2125 Nebrodes,
625 2051 843 2116 Cluveriotesle
866 2049 954 2118 LII.
981 2071 1007 2116 c.
1030 2059 1078 2118 16.
1108 2053 1182 2113 inter
1202 2064 1357 2130 utrumque
1378 2053 1431 2114 flu·

437 2159 519 2221 vium
545 2153 661 2232 quidem
682 2152 771 2229 longo
801 2154 871 2229 jugo
897 2138 1097 2228 protenditur,
1137 2150 1187 2230 ipsi
1214 2165 1309 2213 tamen
1333 2152 1431 2214 fontes

441 2257 569 2320 amnium
587 2251 652 2317 XL.
671 2251 794 2330 amplius
810 2249 898 2311 millia
921 2247 1049 2327 passuum
1066 2249 1139 2310 inter
1167 2249 1195 2310 se
1223 2247 1307 2310 dissiti
1342 2248 1429 2323 sunt;
1515 2245 1516 2298 l

435 2355 503 2418 alias
526 2369 640 2430 quoque
662 2349 749 2411 Maro
771 2347 945 2420 vocabatur,
966 2347 1054 2408 hodie
1069 2349 1204 2407 Marsonia
1222 2348 1334 2410 dicitur.
1379 2347 1432 2409 Hi·
1515 2341 1516 2410 l

436 2451 592 2528 mera‚qui
608 2447 644 2508 ad
663 2445 779 2506 boream
796 2447 932 2522 decurrit,
948 2466 1026 2508 nunc
1037 2444 1119 2523 fiurrie
1129 2448 1249 2530 grande,
1264 2447 1334 2508 item
1345 2444 1431 2522 fiuent
1515 2435 1516 2449 ¹

435 2551 466 2609 di
482 2547 610 2620 Termini,
622 2546 642 2605 si
655 2544 820 2607 Cluverium
834 2545 864 2606 L.
877 2543 915 2608 11.
928 2564 953 2606 c.
975 2564 1001 2623 3.
1017 2543 1138 2622 sequaris
1151 2565 1160 2622 3
1183 2547 1230 2622 qui
1242 2545 1277 2606 ad
1292 2545 1432 2618 oullrum,

431 2639 599 2726 fiunesalso
617 2643 705 2706 audit.
749 2645 838 2722 Apud
857 2641 987 2706 Solinum
1007 2662 1070 2722 cap·
1098 2663 1146 2709 11.
1167 2663 1183 2703 e
1202 2644 1343 2706 contrario
1355 2641 1431 2703 male

435 2745 582 2818 aderitus,
604 2742 686 2803 istum
699 2741 816 2816 salsum,
833 2743 911 2802 hune
935 2741 1050 2804 dulcem
1067 2740 1130 2804 effe.
1156 2741 1194 2810 Ο.
1278 2741 1356 2804 Duas
1377 2741 1431 2802 Hi·

436 2864 528 2906 meras
544 2844 632 2903 etiam
649 2840 776 2902 recenset
795 2840 982 2908 Ptolemaeus.
1027 2855 1181 2906 Ghouov.

478 2956 667 3036 Srefichorus)
700 2953 728 3016 ss
748 2955 787 3015 est
808 2959 892 3032 podta
914 2951 1157 3028 celebratissimus,
1191 2953 1228 3016 de
1252 2975 1309 3032 quo
1336 2955 1431 3021 multe

440 3053 569 3126 Plinius,
592 3052 738 3114 Pausanias
757 3056 786 3116 ἃ
806 3053 877 3123 alii,
921 3073 1006 3130 quem
1031 3053 1216 3116 Himeraeum
1238 3053 1320 3116 fuisse
1342 3057 1430 3120 docet

436 3153 583 3218 Pausanias
606 3151 636 3214 L.
657 3151 709 3244 lll.
729 3172 755 3214 c.
783 3173 831 3229 ¹9·
846 3156 873 3214 ἃ
890 3152 967 3216 Vlll.
987 3171 1012 3214 c.
1037 3171 1063 3230 3.
1085 3152 1217 3214 Clemens
1227 3152 1307 3216 Alex.
1321 3154 1428 3218 Suom.

436 3249 469 3314 L.
480 3251 502 3312 l.
513 3271 542 3329 p.
555 3262 622 3328 308.
644 3265 764 3313 curun.
814 3271 842 3314 v.
859 3250 1003 3314 Fabricius
1018 3250 1092 3313 Bibl.
1104 3251 1227 3314 Graecae
1237 3253 1266 3314 t.
1276 3251 1313 3314 11.
1325 3273 1351 3315 c·
1360 3253 1428 3316 XV.
1514 3279 1515 3284 ¹

436 3349 683 3426 §.5p1isssscn
768 3350 813 3414 De
836 3351 986 3413 Stesichori
1011 3363 1201 3412 monumento
1230 3349 1380 3427 sepulcrali
1399 3372 1429 3416 r.

437 3445 567 3509 Fazellus
589 3447 657 3508 Dec.
676 3447 700 3514 1.
716 3447 746 3510 1.
762 3448 814 3510 ΙΙΙ.
839 3469 865 3512 c.
887 3469 914 3513 1.
943 3448 1128 3526 Maurolycus
1151 3448 1183 3510 L.
1201 3447 1221 3510 Ι-
1239 3467 1270 3525 p.
1284 3466 1330 3524 ξς.
1358 3449 1430 3530 Dora

437 3544 532 3606 villius
550 3545 586 3608 T.
603 3545 625 3607 l.
646 3566 675 3624 p.
691 3553 760 3608 216.
778 3546 957 3609 Himerenses
977 3547 1094 3612 statuam
1109 3545 1278 3607 senatoriam
1298 3565 1335 3606 ex
1356 3566 1428 3606 mar-
1514 3561 1515 3568 ¹

402 3725 406 3732 1
437 3664 539 3718 more,
562 3664 647 3722 quam
663 3647 694 3705 in
714 3646 791 3708 curia
818 3646 989 3720 ostendunt,
1012 3645 1163 3711 Stesichori
1187 3642 1242 3704 elie
1265 3643 1427 3722 perhibent,

436 3747 464 3805 di
483 3745 597 3821 quidem
611 3745 749 3817 eandem,
771 3745 853 3818 cujus
871 3745 1051 3804 mentionem
1065 3744 1132 3804 facit
1149 3742 1249 3804 Cicero
1261 3739 1281 3803 l.
1298 3761 1324 3803 c.
1340 3761 1367 3804 c.
1381 3761 1427 3821 35.

436 3842 543 3905 Verum
563 3843 634 3904 hacc
658 3860 746 3904 aenea
760 3841 841 3902 sitisse
869 3843 990 3904 videtur.
1011 3841 1048 3906 cs.
1073 3839 1227 3914 Dopvillius
1247 3857 1276 3916 p.
1290 3858 1349 3914 ¹25.
1376 3839 1428 3902 Lo-
1514 3827 1515 3900 ἶ

438 3961 488 4004 cus
511 3942 686 4017 Stesichori,
708 3941 823 4004 aVihio
846 3941 966 4012 citatus,
987 3940 1060 4016 inter
1074 3939 1231 4019 fragorenta
1246 3937 1307 4012 ejus
1325 3941 1428 4016 postue

349 4044 351 4055 '
437 4038 616 4104 desideratur.
660 4040 708 4110 Ο.
