3225 5017
489 443 567 506 un
626 441 890 506 suuntur
927 437 937 460 ··
1118 417 1185 546 7“9

185 610 227 674 nis
245 605 330 672 fieret
350 607 380 671 ἀ
400 603 506 686 absque
527 604 586 668 ulla
602 602 768 668 neceffitate
781 615 910 684 urgente.
955 605 1045 674 neae
1061 607 1185 691 proinde

184 711 258 772 bunc
287 708 390 770 locum
412 707 539 769 nostrum
556 725 594 767 ex
611 704 746 769 Cluve'rio
760 705 889 768 vindicat
907 706 938 772 P.
955 707 1134 776 Burmannus
1145 713 1186 776 se-
1308 787 1316 808 ἢ

181 807 293 872 nundus
301 805 494 886 Anthologiae
510 805 628 868 Latinae
640 805 677 867 T.
687 803 726 867 ΙΙ.
738 821 804 883 pag.
833 824 902 886 273.
914 806 951 868 ad
964 807 1043 874 hunc
1054 811 1183 876 versum:

307 921 368 1000 Qtu'
391 942 444 980 non
473 921 602 981 debuerat
626 918 715 980 obitus
739 941 872 984 remanere
895 919 1049 994 inAterno.
1159 978 1167 996 ,
1201 959 1219 1004 0

180 1031 332 1096 Cluverius
349 1035 445 1114 itaque
460 1033 493 1097 L.
510 1031 549 1096 ΙΙ.
569 1030 633 1096 ltal.
655 1035 720 1096 Ant.
747 1033 780 1100 I..
807 1033 877 1100 XII.
896 1031 925 1116 p'.
948 1055 1019 1116 751.
1036 1042 1073 1104 ad
1091 1044 1184 1110 imita.

178 1133 290 1204 tionem
312 1132 409 1196 Ostiae
431 1133 588 1195 Tiberinae
612 1133 649 1195 stc
678 1133 736 1196 dici
767 1138 796 1198 it
821 1154 858 1198 ex
885 1134 965 1201 Mela
993 1139 1081 1210 1..11.
1107 1165 1134 1212 c.
1151 1167 1181 1226 4.

182 1231 257 1312 ostia
277 1233 374 1293 Atenu'
393 1245 529 1296 vocatum
550 1231 631 1296 inille
649 1233 743 1312 ipsum
762 1233 898 1295 Aternum
918 1237 1059 1316 oppidum
1085 1237 1182 1320 docet,

182 1326 399 1411 nuncPescara.
431 1332 475 1394 Ex
491 1333 584 1396 verbis
601 1332 697 1396 Melae
711 1347 808 1394 tamen
823 1332 900 1396 haud
916 1354 1010 1414 prono
1026 1337 1088 1400 fluit
1100 1340 1184 1406 alveo

181 1427 252 1490 haec
266 1429 392 1492 Cluverii
413 1431 563 1506 doctrina,
591 1433 648 1493 live
673 1451 744 1494 cum
763 1431 825 1512 ipso
847 1432 924 1514 legas
944 1439 1024 1516 apud
1052 1439 1181 1506 Melam:
1235 1477 1237 1482 v

182 1529 228 1590 Ab
249 1551 281 1588 to
302 1531 431 1590 Frentasti
447 1547 534 1590 tenent
547 1532 643 1591 Aterni
666 1531 747 1611 ostiu,
779 1531 838 1594 five
858 1553 926 1596 cum
946 1535 1112 1601 Gronovius
1135 1539 1181 1602 Ab

180 1649 211 1686 eo
235 1627 365 1687 Frentani
380 1626 443 1710 jam
461 1629 580 1690 Matrini
595 1630 692 1689 habent
706 1650 741 1688 ac
768 1631 866 1691 Atenu'
881 1632 1004 1710 fluminis
1030 1637 1103 1718 ostia.
1119 1637 1185 1702 Flu-

181 1727 221 1788 vii
239 1746 327 1804 porro
348 1728 446 1788 Atemi
469 1748 577 1790 nomen
598 1729 731 1790 Ciceroni
747 1728 779 1790 L.
792 1728 831 1790 11.
854 1729 892 1790 de
925 1731 1022 1794 Disin.
1045 1753 1108 1812 cap.
1131 1755 1181 1814 η.

182 1827 210 1885 it
224 1825 306 1886 Livio
320 1826 351 1887 L.
367 1826 480 1888 XXIV.
493 1847 556 1906 cap.
576 1847 626 1902 44.
649 1827 857 1890 restituendum
874 1827 991 1906 conset,
1005 1829 1054 1892 sed
1072 1847 1183 1901 utrum·

183 1942 238 1999 que
254 1923 482 2000 improbantibus
500 1929 537 1987 ad
558 1926 704 1988 Ciceronis
723 1915 821 1989 locum
832 1927 892 2002 Jac.
905 1928 1053 1994 Gronovio
1072 1933 1181 2008 &Joln

181 2019 306 2084 Davilro.
321 2023 426 2086 Plinius
449 2027 547 2086 Aterni
567 2025 647 2086 fluvii
676 2025 709 2092 L.
730 2025 784 2090 lll.
815 2046 842 2087 c.
868 2045 904 2088 12
933 2030 960 2089 ἃ
985 2048 1018 2107 13
1050 2031 1183 2094 meminit

182 2121 211 2181 ἃ
231 2120 294 2180 ostii
312 2123 373 2196 ejus
389 2143 417 2188 c.
437 2145 463 2198 5.
482 2124 609 2200 itemque
635 2123 723 2184 Varro
751 2124 783 2186 L.
805 2124 857 2185 IV.
878 2126 915 2185 de
937 2127 992 2188 LL.
1013 2149 1041 2206 p.
1063 2149 1120 2205 12,
1154 2135 1183 2194 δι

183 2219 364 2283 Ptolemaeus
377 2223 409 2284 L.
428 2221 480 2284 III.
495 2241 522 2288 c.
537 2241 562 2282 1.
586 2241 641 2282 nec
656 2241 717 2282 non
733 2220 830 2282 tabula
848 2221 1069 2300 Theodosiana,
1084 2229 1183 2306 inqua

181 2315 285 2398 legitur
307 2320 384 2402 Ostia
397 2321 503 2386 literni.
548 2322 664 2382 Nomen
677 2318 817 2395 Pescara,
832 2319 1089 2398 quohodievenit
1104 2326 1184 2388 Ater.

182 2438 257 2491 nus,
282 2417 324 2480 sat
339 2421 490 2496 antiquum
507 2420 565 2496 est3
606 2419 718 2481 Paullus
738 2420 846 2498 quippe
869 2411 1074 2500 Longob'aidus
1096 2407 1127 2490 l.
1142 2427 1180 2494 Il.

182 2535 209 2577 c.
225 2535 273 2578 20.
290 2512 443 2590 Pistorian
464 2518 542 2579 dicit.
586 2518 711 2581 Demum
729 2519 824 2580 minus
841 2519 974 2582 adcurate
991 2519 1116 2602 loquitur
1134 2526 1185 2589 Vi·
1284 2519 1285 2528 ¹

180 2613 270 2690 bius,
293 2636 384 2693 quum
410 2618 547 2681 Aternum
565 2619 688 2681 Hadriae
712 2617 847 2679 adscribit
867 2619 1019 2686 amarus.
1063 2615 1180 2702 Hadria.

181 2714 272 2777 hodie
290 2716 375 2790 Atti,
400 2717 475 2778 inter
492 2717 655 2779 Vomanum
666 2717 882 2796 Matrinumque
906 2737 1005 2782 amnes
1035 2721 1084 2783 sed
1110 2723 1180 2790 huic

178 2815 299 2897 propior
324 2813 390 2889 fita,
412 2815 448 2876 ab
475 2817 582 2881 Aterno
603 2829 681 2879 certe
696 2816 843 2878 ‘remotior
864 2815 939 2901 luit,
977 2819 1025 2897 qui
1055 2839 1109 2884 nec
1130 2841 1182 2900 per

179 2913 293 2980 Marsos
319 2911 369 2974 sed
389 2913 518 2976 Vestinos
535 2917 610 2978 inter
631 2915 850 2980 &Marrucinos
868 2915 1034 2996 defluebat,
1050 2934 1081 2984 ut
1095 2904 1181 2986 verba

180 3012 331 3087 Strabonis
354 2998 471 3076 docent.
511 3015 548 3077 Ο.
666 3073 671 3080 ,

565 3199 801 3309 Amymone
920 3172 923 3181 ’

224 3391 354 3475 Lyciae)
376 3392 451 3454 forte
470 3392 584 3452 Ciliciae
604 3393 760 3474 Simlerus3
783 3391 861 3457 haud
878 3391 952 3457 male
979 3413 1015 3456 ex
1032 3415 1064 3458 ea
1081 3413 1185 3502 parte,

182 3508 326 3571 quatenus
344 3491 464 3554 Thebae
484 3513 599 3571 quoque
616 3494 680 3556 sunt
696 3496 726 3556 in
740 3490 871 3556 Cilicia:¹
901 3515 1001 3557 verum
1026 3495 1111 3578 longe
1128 3503 1183 3568 alia

181 3574 286 3654 Vibius
307 3593 452 3670 Sequester
477 3613 561 3672 egere
579 3595 691 3664 videtur
721 3595 865 3656 medicina
893 3595 1017 3660 rationis.
1082 3601 1182 3676 Haec¹

183 3689 237 3752 nisr
253 3691 324 3769 quid
342 3710 388 3751 me
404 3687 559 3767 fallimur
582 3693 632 3755 liet
649 3694 685 3755 ab
705 3695 822 3774 Hygino
843 3693 900 3756 fab.
931 3689 996 3772 169.
1035 3699 1183 3778 Amymone

186 3793 288 3850 Danai
300 3789 386 3868 filia,
413 3792 476 3851 tium
494 3787 613 3871 studiose
639 3793 667 3851 in
676 3793 751 3872 stlua
774 3811 904 3868 venatur,
942 3795 1070 3875 Satyrum
1086 3793 1183 3874 jaculo

178 3887 316 3970 pereuffit.
361 3889 432 3952 Eam
453 3891 571 3972 Satyrus
592 3890 681 3952 ¹uoluit
707 3892 820 3954 uiolare.
887 3887 943 3950 Illa
963 3891 1085 3972 Neptuni
1097 3891 1181 3968 fidem

184 3989 374 4072 bnpbravit.
409 3991 473 4068 Quo
497 3991 641 4073 Neptunus
661 3998 742 4072 quum
763 3986 889 4067 uentffit,
918 3993 1046 4070 Satyrum
1072 3989 1181 4071 abegit,

185 4090 216 4152 6·
229 4085 287 4174 ipse
307 4107 370 4151 eun
387 4111 421 4149 ea
437 4091 594 4175 concubuit:
611 4113 653 4151 ex
674 4111 725 4170 quo
740 4106 868 4172 conceptu
888 4084 1008 4164 nascitur
1024 4087 1180 4172 Nauplius.
