3225 5017
441 419 521 560 352
649 465 835 526 NOTAE
895 465 1216 528 VARIORUM
1311 493 1312 498 ¹

436 623 498 712 ipfit
521 623 654 708 Pyrenaei
672 621 745 708 jugo
765 624 801 682 ob
826 641 922 717 exprtrt
952 621 1136 704 aequinoctiali
1157 621 1227 704 firfia
1257 624 1431 707 inoeeofirm

438 725 606 800 brumalem,
633 724 766 784 breviores
796 720 881 782 latere
902 716 1104 802 septentrionali
1125 743 1203 804 quom
1221 725 1367 786 meridiano
1384 729 1433 790 Hi.

430 820 546 908 spanias
562 819 680 901 soem,
702 818 902 894 eruditorum,
923 820 953 880 in
972 819 1025 880 hist
1042 818 1164 881 Pintiani
1185 823 1432 899 &Sepulvedae,

435 921 539 985 torsere
556 919 678 997 ingenia.
711 919 781 980 Non
802 915 1014 980 sollicitandum
1042 917 1097 979 esse
1127 918 1207 980 Plinii
1244 919 1365 993 locum,
1396 944 1429 987 err

435 1020 531 1086 Melae
552 1019 645 1080 verbis
681 1017 713 1082 t.
737 1016 777 1082 ΙΙ.
797 1037 824 1082 c.
848 1023 877 1078 ⁶.
912 1016 995 1078 facile
1025 1015 1288 1094 interpretandum,
1311 1021 1430 1083 ostendit

433 1119 597 1188 Harduinus
613 1119 643 1178 in
664 1118 740 1178 notis
758 1119 787 1180 de
802 1113 1061 1178 emendationibus.
1109 1115 1151 1178 Ex
1165 1115 1308 1194 Pyrenaeo
1332 1138 1428 1180 monte

433 1218 558 1282 defluere
576 1217 677 1280 Istrum
688 1259 699 1286 ,
711 1214 761 1278 fibi
786 1211 958 1294 persuaserat
972 1211 1131 1280 Aristoteles
1153 1234 1180 1275 v.
1198 1215 1347 1276 meteorol.
1364 1216 1394 1280 L.
1408 1217 1428 1278 l.

432 1337 459 1381 c.
488 1335 534 1394 ¹³·
555 1314 683 1380 dCeltis
698 1327 785 1393 etque
807 1311 878 1376 urbe
903 1311 1025 1392 Pyrrene
1051 1312 1160 1374 derivat
1179 1315 1239 1389 ejus
1256 1292 1353 1376 ¹sontes
1374 1317 1431 1377 He·

432 1415 551 1480 rddotuc
571 1412 604 1478 t.
625 1412 663 1476 ll.
683 1432 710 1479 c.
739 1430 785 1490 33.
807 1409 894 1476 falsus
918 1425 1046 1490 uterque.
1094 1411 1201 1474 Rerum
1224 1413 1254 1474 in
1281 1414 1430 1492 Pyrenaeis

431 1511 665 1594 provenientium
685 1507 885 1589 amplillimam
904 1509 997 1572 omnis
1012 1511 1123 1588 generis
1144 1512 1275 1590 copiam,
1295 1514 1370 1575 mira
1386 1516 1429 1584 im

430 1610 533 1672 dustria
556 1608 730 1685 collectam,
756 1608 894 1688 superiori
909 1629 986 1672 anno
1011 1608 1134 1672 Tolosae
1151 1611 1229 1688 apud
1242 1612 1338 1674 virum
1365 1612 1427 1674 lllu·

428 1710 514 1773 litem
528 1708 565 1770 de
585 1701 746 1772 Buillaiton
765 1707 868 1786 reperi.
891 1707 1059 1772 Instruendo
1082 1709 1124 1770 isti
1141 1707 1262 1787 Pyrenes
1281 1711 1428 1792 gazophy-

428 1807 502 1875 lacio
525 1806 596 1870 solet
612 1808 643 1870 id
657 1808 826 1872 Academiae
845 1806 1006 1870 Tolosanae
1022 1807 1109 1870 decus
1132 1808 1285 1885 quotannis
1299 1809 1427 1874 mensem

428 1907 584 1986 Augustum
606 1920 692 1988 atque
714 1905 913 1987 Septembrem
931 1907 1025 1970 itineri
1048 1908 1080 1968 in
1099 1921 1213 1968 montes
1231 1905 1364 1970 laudatos
1385 1908 1427 1970 in·

426 2005 569 2073 stituendo
584 2006 690 2071 dicare.
712 2005 885 2086 Optandum
917 2005 1067 2084 profecto,
1100 2018 1133 2070 ut
1153 2003 1283 2068 laborum
1312 2005 1426 2072 suorum

426 2103 536 2174 feudos
553 2107 770 2174 connaturalis
783 2104 916 2172 scientiae
934 2105 1045 2184 cupidis
1056 2105 1269 2170 communicare
1283 2105 1363 2172 velit.
1387 2107 1422 2172 Ο.

834 2269 1016 2386 Pylartes

464 2465 636 2532 Boccaciue:
659 2464 779 2528 Pisones
793 2467 947 2551 Dyrrachii
965 2488 1039 2530 mons
1068 2467 1112 2550 est.
1143 2465 1244 2546 Qualis
1264 2461 1314 2529 ille
1339 2490 1421 2533 monn

423 2565 476 2642 fit,
499 2565 602 2644 quibus
626 2579 800 2631 memoratus
819 2565 1023 2644 scriptoribus,
1046 2568 1095 2646 qui
1109 2565 1262 2640 docuerit,
1281 2567 1338 2629 erit
1354 2569 1420 2630 mibi

422 2683 542 2743 magnus
566 2661 677 2742 Apollo.
707 2660 825 2726 Nomen
848 2665 1038 2730 diversimode
1057 2665 1218 2743 expressum
1235 2665 1421 2752 legitut,Py.

420 2759 522 2835 lanes,
544 2760 683 2836 Pisones,
708 2761 858 2842 Pylenes,
881 2761 1015 2828 Pelortos.
1041 2763 1149 2844 Quodsi
1166 2766 1196 2824 in
1212 2762 1301 2826 altero
1331 2768 1421 2830 nomi·

420 2876 459 2918 ne
476 2858 615 2937 quaedam
645 2858 788 2921 obtineret
819 2863 1010 2940 corruptionis
1027 2862 1169 2942 suspicio,
1194 2863 1294 2930 liceret
1325 2867 1420 2931 forsan

420 2956 458 3019 dc
473 2954 583 3018 Siciliae
596 2972 695 3019 monte
713 2957 809 3018 Peloro
829 2957 876 3020 vel
895 2955 1003 3020 Pelo'rio
1024 2963 1157 3042 cogitare.
1190 2963 1247 3024 Sed
1265 2963 1344 3025 maso
1360 2985 1420 3027 rem

419 3075 540 3118 omnem
557 3057 588 3118 in
613 3055 711 3124 medio
735 3057 919 3146 relinquere,
943 3078 1029 3145 quam
1053 3080 1171 3142 operam
1187 3061 1329 3148 praestare
1346 3063 1419 3131 male

350 3241 353 3245 ,
418 3155 555 3222 sedulam.
599 3156 637 3226 0.

848 3323 1011 3416 Petrae
1078 3364 1081 3370 ·
1110 3443 1111 3446 Ν

457 3514 592 3585 tonnus
614 3516 649 3582 L.
670 3517 721 3582 vt.
748 3540 776 3584 u.
803 3539 852 3598 ις.

363 3649 366 3654 ·
412 3635 418 3641 ·
539 3616 602 3677 Hoc
622 3616 677 3676 nen
701 3636 829 3700 aequoreo
847 3618 986 3703 praecepit
1009 3617 1094 3680 limite
1114 3620 1257 3710 Magonis,

541 3717 678 3798 Quaeque
704 3736 787 3779 vocat
813 3717 907 3778 collem
929 3717 1092 3780 Taulantius
1104 3718 1201 3778 'incola
1219 3720 1347 3782 Petram

540 3810 643 3891 Insedit
666 3815 778 3898 capitis,
799 3817 978 3904 Eplzyreoque
1000 3819 1103 3879 moenio
1120 3813 1222 3899 servae.

413 3914 451 3980 cs.
469 3915 498 3978 de
518 3934 546 3978 v.
565 3921 615 3992 69.
640 3929 777 3983 flesset.
843 3915 976 3995 Ephyrea
994 3919 1107 3980 moenia
1126 3915 1190 3979 sunt
1200 3917 1317 3980 moenia
1328 3917 1412 3998 ipius

411 4009 571 4090 Dyrrachii.
595 4013 687 4093 Prope
708 4015 764 4077 suit
785 4017 813 4078 dr
832 4034 917 4082 mons
938 4017 989 4079 iste
1012 4021 1040 4080 de
1062 4016 1160 4094 locus,
1177 4037 1264 4096 quem
1279 4015 1414 4082 describit

412 4107 518 4189 Caesar·
532 4111 569 4176 de
588 4110 665 4175 bello
685 4113 763 4179 civili
795 4114 829 4182 L.
852 4113 906 4180 llI.
938 4135 965 4180 c.
992 4135 1042 4192 42.
1073 4113 1217 4200 Pompeius
1252 4111 1412 4192 interclusos
