3225 5017
418 511 482 599 74.
636 495 820 598 nosne
867 479 1188 556 'vnnronum

417 655 581 728 D'rlnuillio
608 655 754 738 publicam
772 654 889 715 Nauncs
917 652 1042 728 fluvios,
1077 664 1150 732 puto
1177 673 1273 718 errore
1302 654 1420 724 rnaloo·
1518 659 1519 666 ’

418 758 520 840 graphi
543 775 596 835 pro
620 759 754 827 mauro,
778 753 882 819 Pheras
903 753 996 831 rigam
1015 751 1189 851 Phrlrioticas
1208 754 1324 832 sistitur,
1350 775 1422 824 cunr
1518 753 1519 756 ’

419 856 568 923 Onchrsto
589 854 708 928 flumine
717 852 836 932 Polybio
850 851 882 914 L.
899 850 993 914 XVII.
1004 866 1180 930 memorato,
1196 855 1228 915 in
1250 873 1336 933 quem
1349 857 1421 922 inci.

417 956 481 1030 rlit,
496 955 527 1014 in
543 951 721 1031 Pelasgicum
734 951 828 1018 sinum
843 951 1006 1032 decurrens.
1052 953 1185 1032 Occupat
1200 954 1346 1038 hodieque
1362 958 1421 1035 pri.

417 1053 523 1118 stinum
541 1050 638 1114 locum
656 1051 800 1130 oppidum
815 1050 936 1125 Pheres,
955 1051 1034 1128 quod
1053 1072 1113 1130 quo
1128 1072 1214 1116 amne
1228 1055 1354 1132 rigetur,
1378 1056 1424 1118 di.

417 1151 631 1234 spiciendun..
660 1150 762 1212 Forsan
788 1152 817 1216 ἀ
843 1150 868 1210 is
905 1149 1014 1228 antiqui
1041 1153 1146 1218 inauri
1167 1159 1280 1214 nomen'
1304 1153 1424 1217 retinet.
1519 1205 1520 1208 ,

418 1249 567 1330 Quicquid
586 1249 638 1324 lit,
662 1249 736 1312 srnus
757 1248 911 1328 Pelasgici,
934 1268 1111 1326 quemnunc
1132 1246 1212 1334 Golfo
1240 1251 1270 1318 di
1291 1251 1358 1312 Volo
1383 1249 1425 1316 sa.

419 1347 536 1423 lutant,
560 1345 699 1408 orientale
717 1347 791 1411 latus
808 1347 906 1408 Pelion
922 1346 1051 1424 claudit,
1071 1350 1149 1412 unde
1165 1350 1220 1425 fit,
1244 1363 1277 1412 ut
1289 1365 1356 1428 apte
1365 1351 1423 1418 Eu-

418 1448 524 1525 ripides
546 1447 578 1508 in
596 1447 722 1524 Hercule
745 1447 870 1512 Furente
894 1446 1027 1527 Cygnum
1045 1448 1081 1516 ab
1096 1446 1221 1516 Hercule
1235 1448 1423 1518 interfeetum
1485 1497 1487 1500 ,

419 1546 497 1613 dieat
518 1545 558 1611 ad
605 1590 608 1598 .
899 1579 902 1585 -

672 1619 752 1684 rolris
785 1621 895 1692 llnnsnll'
923 1625 1020 1690 οἶκταίυ

666 1718 772 1799 'nidore
799 1721 869 1804 negas
900 1721 997 1794 einer,
1096 1729 1137 1800 0,

793 1888 1019 2020 ,Apidanos

462 2083 608 2166 Apidanus
621 2087 653 2147 ln
670 2083 813 2164 Enipeum
835 2088 950 2166 influit,
974 2088 1115 2154 Strabone
1140 2089 1210 2153 telle
1237 2091 1271 2160 L.
1290 2089 1369 2156 VIII.
1389 2115 1423 2174 p.

423 2194 492 2266 356.
516 2183 574 2248 five
589 2185 716 2264 Enipeus
732 2187 871 2264 reoIpitur
892 2187 928 2250 ab
940 2189 1092 2267 Apidano,
1111 2189 1179 2252 teste
1194 2193 1297 2256 eodem
1315 2191 1347 2255 L.
1364 2193 1424 2258 IX.

418 2303 450 2364 p,
469 2302 538 2363 432,
561 2281 593 2343 '0
617 2283 644 2341 si
661 2279 771 2344 Ἐνιπιῦς
795 2284 846 2341 ἐπὶ
868 2285 911 2349 τῆς
936 2282 1045 2365 Ε’ρυθροῖς
1072 2288 1140 2368 stapel
1155 2285 1286 2366 <Palpo-nanos
1307 2295 1369 2372 ῥυεὶς
1391 2299 1426 2358 εἷς

419 2388 460 2440 eir
483 2381 608 2444 rsvrlnris
634 2375 803 2457 πιριβσίὶλει,
832 2382 844 2438 ὅ
866 2379 894 2440 ll
924 2391 956 2445 εἷς
982 2389 1020 2443 τὶν
1042 2389 1143 2448 Horatii.
1186 2387 1252 2453 Hoc
1283 2389 1349 2452 loco
1377 2390 1427 2452 lit-

422 2477 536 2543 teratill'.
564 2491 709 2540 enarrator
734 2479 770 2544 Is.
795 2480 977 2546 Casaubonus
1000 2480 1054 2540 del
1075 2482 1120 2550 eir
1148 2484 1253 2564 E’ponpair
1275 2504 1368 2574 mutat
1393 2493 1427 2552 in

421 2577 476 2638 aivi
495 2576 539 2639 ris
568 2575 676 2652 (loprae,
698 2575 843 2655 superiora
870 2583 957 2644 verba
982 2582 1128 2647 Strabonis
1154 2584 1317 2664 respiciens.
1385 2591 1425 2652 At

422 2695 478 2758 ego
496 2693 665 2753 reponerem
685 2673 742 2730 ciel
765 2678 807 2739 vir
834 2677 945 2758 alsnia
967 2699 1008 2750 .’.
1032 2729 1040 2744 .
1063 2683 1108 2745 De
1129 2685 1248 2747 flumine
1274 2681 1425 2764 Emifhco,

366 2836 369 2851 ,
422 2792 457 2842 ut
476 2775 563 2854 vulgo
579 2775 699 2855 legitur,
715 2775 787 2836 nihil
804 2780 928 2842 occurrit
945 2781 1035 2848 milri}
1057 2781 1177 2844 fortassis
1197 2784 1247 2846 hio
1268 2785 1308 2846 est
1325 2785 1425 2845 Pami-
1522 2803 1523 2830 i

417 2875 471 2950 Jirs
486 2875 568 2959 Plinii
591 2875 628 2936 H.
644 2875 693 2935 N:
704 2873 736 2937 I..
753 2875 811 2952 IV,
831 2887 858 2948 8.
874 2879 922 2956 qui
943 2893 1087 2942 mutuatus
1105 2880 1182 2944 suam
1202 2880 1426 2962 descriptionem

334 2988 336 2996 ·
423 2975 538 3036 videtur
555 2972 592 3034 ab
605 2973 753 3035 Herodoto
763 2975 795 3037 l..
814 2975 888 3052 Vll,
920 2995 988 3054 129.
1027 2979 1213 3058 Dellpirlano
1229 2999 1258 3046 v.
1277 2984 1304 3043 ἃ
1321 2981 1424 3048 schol.

426 3072 574 3152 Apollonii
592 3071 701 3135 Rhodii
717 3073 754 3135 ad
769 3074 801 3138 1.
818 3073 856 3136 ΙΙ.
879 3096 908 3141 v.
929 3091 996 3152 517.
1018 3077 1181 3143 &OvidIus
1206 3093 1320 3142 metam.
1343 3078 1378 3146 L.
1399 3078 1427 3140 Ι.

423 3193 453 3235 v.
483 3188 549 3250 579.
574 3186 712 3239 flesset.
809 3173 882 3254 Quis
907 3171 1144 3248 illeEnsicasus‘l
1181 3175 1281 3239 {istum
1301 3195 1422 3239 nornen.
1522 3193 1523 3214 ¹

298 3286 300 3291 .
423 3270 576 3334 B⁰⁰⁰³⁰l⁰⁸
595 3272 725 3348 primum,
744 3269 809 3347 illa,
831 3273 860 3332 in
880 3273 1011 3362 Enipeum
1035 3274 1144 3353 htfluit,
1179 3295 1240 3338 non
1271 3275 1424 3356 agnoscit,
1522 3257 1523 3290 ³

424 3369 469 3433 uti
489 3387 544 3429 nec
559 3370 617 3430 duo
633 3369 705 3431 Cori.
724 3369 789 3436 MS.
810 3371 1027 3450 deindelegit',
1064 3374 1093 3436 io
1114 3393 1168 3454 qua
1193 3374 1337 3458 eniplracus
1367 3375 1424 3440 &a

424 3465 471 3532 Ex
484 3463 529 3526 his
549 3485 615 3544 ergo
635 3467 734 3529 Vibius
751 3467 957 3533 emendandus.
1014 3469 1101 3534 Vides
1130 3477 1216 3535 etiarn
1239 3471 1428 3551 scriptionem
1522 3467 1523 3532 l

425 3559 570 3639 Ems‘asuf
586 3567 613 3626 ἃ
637 3559 778 3644 Emisacur
793 3567 851 3630 'effe
869 3585 961 3632 ortam
973 3585 1010 3631 ex
1024 3571 1191 3652 Emiplracur
1207 3573 1235 3636 ἃ
1253 3557 1425 3654 Eniplraeus',
1522 3543 1523 3616 l

426 3665 472 3729 nd
487 3663 734 3739 confirmationem
752 3668 837 3752 hujus
853 3670 894 3730 rei
910 3668 998 3740 facit,
1029 3670 1107 3748 qood
1131 3669 1271 3752 &Enipei
1290 3667 1428 3732 &Melae
1522 3671 1523 3690 l

427 3768 458 3828 ἃ
476 3763 619 3829 Phoenicis
642 3763 692 3827 suo
716 3765 782 3828 loco
798 3769 977 3830 mentionem
1006 3768 1092 3830 saciat
1117 3767 1237 3843 Vibius,
1273 3768 1373 3844 utique
1396 3770 1426 3830 ἃ

424 3862 551 3942 'Emisaci
572 3865 750 3928 mentionem
773 3865 925 3939 facturus,
961 3867 1100 3946 ssquidem
1134 3870 1158 3928 is
1179 3865 1276 3929 locurn
1303 3862 1353 3928 hic
1375 3863 1429 3927 ha·
1522 3917 1523 3938 ,

426 3961 518 4026 beret.
542 3979 689 4028 nesano.
775 3963 917 4044 Enipeus,
937 3967 1086 4048 postquam
1103 3965 1223 4028 Pharsali
1246 3967 1363 4027 moenia
1386 3961 1429 4025 al·

427 4059 538 4137 lunser,
563 4063 594 4123 in
609 4062 772 4141 Apidanum
789 4065 948 4140 defluebat,
985 4065 1083 4130 uthis
1110 4067 1141 4127 in
1172 4065 1317 4139 Peneum,
1358 4061 1428 4126 teste

396 4238 400 4252 ι
431 4154 570 4224 Strabone
600 4160 632 4226 1..
660 4161 713 4227 lx.
746 4183 776 4245 p.
798 4184 868 4245 432.
905 4163 1066 4244 Priusquam
1099 4166 1136 4227 arl
1164 4163 1289 4243 Asopum
1315 4161 1431 4226 acceffit
1522 4159 1523 4170 ’
