3225 5017
466 467 543 577 158
687 479 872 542 noran
927 462 1244 547 santonum

461 643 561 710 monio
578 637 725 715 nituntur,
746 637 796 718 qul
815 657 852 702 an
871 657 930 702 non
952 639 983 703 in
1000 639 1145 706 laudando
1162 641 1288 708 Varrone
1314 629 1440 728 deceptui

461 744 565 816 suerit,
588 742 636 802 vix
659 738 807 814 dubitem;
830 737 968 818 siquidem
983 741 1014 801 in
1033 740 1084 804 illo
1101 742 1166 806 lo'co
1189 734 1341 822 Varronis,
1365 767 1438 826 quem

460 843 545 906 nobis
556 839 677 901 servavit
695 837 829 913 Servius,
850 837 935 915 piane
947 842 1119 904 contrarium
1132 844 1287 921 reperitur3
1309 849 1439 908 nonenim

460 942 565 1004 dicitur
579 936 685 998 ibidem
704 936 820 998 Oaxum
839 936 939 998 urbem
963 938 1000 1000 ab
1013 939 1094 1002 Oaxe
1111 941 1199 1004 fluvio
1224 943 1439 1019 denominatam,

426 1101 433 1112 ,
459 1037 510 1103 sed
523 1039 637 1101 Oaxum
656 1034 714 1095 live
726 1035 838 1097 Oaxem
862 1055 878 1096 a
898 1037 1046 1098 conditore
1062 1037 1110 1100 suo
1131 1039 1270 1116 Apollinis
1298 1044 1325 1104 dt
1354 1039 1441 1104 nothi·

460 1138 542 1198 lenae
557 1133 618 1195 lilio
633 1133 716 1195 Oaxe
729 1151 838 1194 nomen
864 1135 1019 1211 accepisse,
1043 1139 1071 1198 de
1100 1137 1168 1198 hinc
1195 1137 1315 1200 insulam
1340 1140 1440 1202 Cretam

459 1236 545 1298 etiam
568 1231 702 1294 tellurem
720 1232 833 1294 Oaxida
850 1233 954 1292 dinan
975 1233 1073 1308 fuisse,
1095 1254 1167 1313 quae
1186 1236 1336 1298 dudlissrmi
1353 1237 1441 1298 Varro·

458 1337 503 1398 mis
524 1332 663 1394 sententia
682 1329 775 1392 multo
796 1330 981 1392 verosimilior
995 1331 1050 1407 est,
1072 1351 1157 1409 quam
1173 1333 1240 1408 illa,
1257 1337 1338 1410 cujus
1353 1335 1441 1396 Vibius

458 1434 638 1495 mentionem
655 1430 742 1518 sacit5
764 1427 847 1506 plura
863 1430 942 1490 enim
954 1430 1087 1507 exempla
1101 1432 1132 1491 in
1152 1430 1265 1494 historia
1276 1433 1389 1494 fabulari
1401 1453 1441 1494 oo-

457 1544 593 1603 cotrunt,
611 1527 712 1606 quibus
727 1526 840 1604 probari
863 1527 964 1605 potest,
978 1526 1086 1604 urbes,
1108 1529 1258 1607 regiones,
1275 1532 1334 1592 imo
1350 1531 1441 1593 fluvios

457 1631 553 1708 potius
573 1647 590 1688 a
607 1629 699 1706 gentis
719 1625 766 1687 vel
780 1623 859 1688 urbis
881 1627 1030 1688 conditore
1051 1627 1249 1703 denominari,
1266 1649 1380 1707 quanta
1397 1629 1440 1689 llu-

456 1731 526 1798 vio,
545 1728 674 1806 quamvis
693 1745 753 1786 nom
776 1727 907 1802 ignorem
930 1727 958 1787 dt
980 1723 1113 1802 quasdam
1130 1725 1214 1788 urbes
1231 1747 1247 1787 a
1262 1727 1440 1790 fluviisdiclas

457 1827 521 1889 else.
564 1826 709 1888 Praeterea
732 1825 846 1885 videtur
862 1822 911 1884 ille
930 1826 1028 1885 audior
1041 1823 1269 1900 praeferendus,
1301 1827 1348 1903 qui
1366 1822 1440 1885 verba

455 1925 532 2004 ipsa,
554 1924 659 2002 quibus
677 1923 755 1985 suant
773 1921 943 1983 sententiam
968 1921 1088 2000 probat,
1118 1923 1253 1998 adducit,
1278 1943 1361 2002 quam
1381 1921 1439 1996 ille,

456 2027 505 2104 qui
525 2023 636 2086 nullum
654 2022 848 2083 testimonium
868 2007 928 2082 solo
945 2021 1064 2081 nomine
1079 2032 1232 2084 contentus
1245 2023 1441 2099 prosert,quo·
1499 2071 1500 2092 ,

455 2126 533 2185 niam
549 2124 586 2184 de
606 2125 669 2197 ejus
686 2121 804 2182 veritate
827 2119 869 2180 nil
885 2120 1037 2198 quicquam
1051 2121 1121 2181 certi
1142 2119 1223 2182 statui
1242 2121 1337 2198 potest
1354 2139 1387 2182 ex
1404 2137 1440 2178 ar·
1499 2139 1500 2196 ξ

453 2222 584 2303 gunenti
605 2220 729 2308 defgdtu.
773 2219 907 2297 Virgilius
924 2218 982 2296 ipse
998 2217 1164 2280 scholiastem
1182 2218 1267 2280 snum
1288 2216 1440 2284 defendere,

456 2325 485 2385 dt
497 2324 617 2382 innuere
628 2319 758 2394 uidetur,
781 2337 868 2396 quem
886 2335 937 2395 per
953 2317 1064 2380 Oaxem
1076 2317 1216 2395 intelligat
1229 2317 1351 2380 fluvium
1362 2333 1439 2391 ,nam

455 2421 558 2483 diserte
573 2418 695 2496 regionis
712 2417 864 2495 Scythiae,
889 2418 921 2476 in
942 2432 997 2493 qua
1014 2415 1095 2478 Oxus
1115 2414 1163 2477 seu
1179 2415 1300 2490 Oaxus,
1332 2412 1440 2476 mentio-
1499 2407 1500 2469 l

454 2537 523 2580 nem
540 2517 618 2581 facit.
663 2516 732 2577 Non
749 2517 851 2601 ignoro
864 2501 1007 2594 quidem,
1028 2513 1148 2576 admissa
1165 2515 1219 2576 hac
1243 2514 1380 2576 sententia
1396 2513 1439 2574 du·

454 2635 515 2678 rant
538 2615 601 2675 fore
625 2613 734 2691 Virgilii
755 2613 954 2687 locutionem,
977 2614 1026 2674 sed
1047 2614 1122 2676 malo
1143 2615 1245 2676 durant
1276 2614 1328 2692 ipli
1350 2611 1439 2675 adseri·

453 2717 539 2791 bere,
568 2733 640 2793 quae
655 2711 756 2790 promul
778 2714 859 2776 omni
886 2711 975 2775 dubio
997 2712 1047 2774 suo
1071 2725 1201 2790 tempore
1230 2711 1319 2790 plana
1340 2714 1368 2774 u
1387 2729 1440 2789 pet·

452 2815 549 2893 spicua
562 2799 636 2887 fuit,
659 2829 745 2888 quam
759 2809 919 2872 doctissimo
935 2823 1038 2888 poetae
1055 2812 1229 2874 contrarium
1243 2809 1439 2891 affingeresen·

451 2913 524 2973 sum,
568 2909 604 2971 Et
618 2907 706 2981 sane,
722 2907 844 2970 liServii
865 2909 1085 2986 explicationem
1099 2911 1223 2988 penitius
1249 2912 1437 2990 inspiciamus,

452 3027 513 3070 non
532 3019 590 3068 tam
608 3005 726 3067 absurda
743 3025 778 3066 ac
801 3008 898 3084 inepta
914 3011 1038 3085 putanda
1059 3009 1119 3084 est,
1140 3010 1220 3071 idem
1242 3015 1337 3085 enim,
1368 3005 1438 3087 quod

450 3105 516 3181 ille,
538 3103 834 3181 testanturgraviffimi
850 3104 999 3183 scriptores
1012 3109 1048 3168 de
1059 3108 1126 3170 Oxo
1149 3109 1270 3186 (Oxum
1288 3113 1316 3171 δι
1332 3110 1439 3171 Oaxum

450 3205 500 3267 seu
516 3205 628 3268 Oaxem
643 3203 803 3282 euphoniae
822 3203 905 3266 causa
922 3207 952 3266 in
974 3204 1056 3267 versu
1075 3206 1235 3284 promiscue
1258 3207 1335 3283 dici,
1367 3213 1438 3284 patet

451 3323 489 3364 etr
510 3304 620 3377 Plinio,
637 3303 751 3366 eimnte
768 3303 812 3366 Cl.
836 3303 929 3367 llselio
950 3307 977 3367 da
998 3303 1138 3383 Dukero)
1170 3303 1370 3388 Rapidffmum
1388 3299 1438 3363 else

449 3401 530 3463 hunc
545 3402 778 3477 fluuium,docet
794 3405 925 3466 Arrianus
940 3403 971 3465 L.
984 3403 1035 3465 lll.
1051 3405 1087 3466 de
1103 3404 1212 3482 Exped.
1226 3403 1307 3466 Alex.
1317 3417 1378 3481 cap.
1392 3419 1435 3476 29.

358 3543 364 3551 x
451 3500 566 3579 quando
582 3501 641 3561 ait}
663 3496 712 3574 lsai
725 3502 807 3580 ῥιδμι
831 3499 892 3578 igal,
915 3505 945 3564 ὦς
967 3500 1000 3559 rai
1016 3498 1230 3576 mlaennyrv'petm
1250 3505 1305 3578 repis
1318 3499 1388 3559 ἰντιῒ
1407 3495 1438 3554 τί

449 3596 494 3680 ptri
512 3597 670 3673 &epipedon
691 3599 720 3654 i»
740 3594 785 3660 vis
805 3596 855 3666 mis
878 3597 1039 3672 ἐχαλιπός.
1083 3601 1251 3664 Sabulosum
1270 3599 1344 3674 effe,
1365 3597 1436 3661 idem

448 3698 569 3776 scriptor
588 3694 695 3771 tradit,
717 3697 833 3774 quando
848 3717 915 3760 eum
930 3695 950 3759 l.
970 3719 996 3762 c.
1019 3707 1104 3762 vocat
1125 3695 1292 3780 drappalia,
1318 3702 1346 3761 dc
1356 3693 1437 3775 paulo

449 3798 568 3860 inferius
588 3793 680 3869 dicit,
702 3794 776 3856 nihil
789 3797 821 3856 in
834 3796 885 3857 illo
897 3799 1015 3859 flumine
1034 3798 1138 3860 firmati
1153 3797 1231 3876 posse
1246 3811 1364 3877 propter
1377 3793 1438 3858 fun·

449 3896 520 3958 dum
536 3892 712 3969 sabulosunr3
736 3913 803 3958 cum
823 3897 920 3974 itaque
936 3897 970 3959 srt
988 3897 1174 3977 rapidissimus
1192 3901 1253 3975 ejus
1269 3897 1383 3970 cursus,
1411 3896 1437 3954 ἃ

262 3977 266 3981 ’
383 4016 386 4022 ’
449 3993 573 4056 multum
583 3990 672 4054 sabuli
687 3991 784 4056 secum
799 3995 896 4072 vehat,
912 3997 980 4058 inde
992 3997 1172 4084 turbulentus
1189 3997 1238 4074 fit,
1252 3998 1332 4076 quod
1344 4005 1437 4074 aperte

447 4090 563 4156 Curtius
578 4091 693 4155 testatur
714 4092 747 4161 l..
772 4093 836 4161 Vll.
863 4113 925 4174 cap·
956 4115 1002 4160 10.
1026 4096 1071 4156 liic
1094 4097 1221 4174 (Oxus)
1236 4097 1318 4178 ¹qau‘n
1348 4095 1435 4156 limum
1459 4093 1462 4102 ’
