3225 5017
528 486 604 558 sn
664 492 885 561 causas
1137 460 1218 598 38⁴9

212 654 250 717 in
276 653 397 749 periplo.
430 654 544 719 Dacicis
570 653 745 734 potiffin'rum
771 656 887 733 Trajani
921 658 1150 740 expeditionibus
1182 680 1218 731 ea

215 757 298 835 regio
323 754 472 828 inclaruit,
496 758 523 816 dr
544 754 653 816 abhoc
671 774 746 816 aevo
771 757 803 815 in
824 754 966 833 lapidibus
992 775 1141 838 utramque
1166 782 1216 841 pa-

214 857 314 934 ginam
329 856 406 916 facit
439 854 516 915 Nota
540 852 606 915 urbs
623 855 756 932 princeps
775 853 895 916 Colonia
916 854 1000 933 Ulpia
1017 858 1139 933 Traiana
1152 860 1215 922 Sar-

214 952 432 1033 mizegethusa,
456 954 538 1029 cujus
555 966 744 1015 monumenta
765 954 795 1013 in
810 952 944 1015 Danubio
964 954 1127 1019 Pannonico
1148 956 1218 1036 lily.

215 1052 276 1114 ilco
297 1052 414 1131 collegit
450 1052 555 1113 Comes
572 1050 722 1113 Marsrlius.
760 1050 905 1113 Dacorum
928 1050 1077 1125 Jalhorum
1106 1074 1215 1116 memo·

215 1152 290 1212 riam
310 1151 407 1213 titulus
428 1150 533 1212 statuae
558 1151 705 1212 Antonino
718 1150 781 1212 ,Pio
801 1150 939 1223 dicatae,
977 1170 1063 1229 quern
1097 1151 1215 1215 exhibet

217 1248 356 1310 Gruterus
381 1269 443 1326 pag.
467 1248 593 1311 ccclx.
616 1269 645 1310 n.
674 1260 703 1319 8.
725 1248 863 1323 serravit,
889 1268 1012 1325 quorum
1031 1271 1137 1313 nomen
1161 1272 1213 1330 cp-

215 1346 320 1424 pidum
340 1341 417 1427 Jaffy
436 1346 580 1425 hodieque
603 1348 715 1410 retinet.
770 1346 947 1409 Peculiarem
970 1350 1062 1427 gentis
1092 1350 1213 1413 Dacicae

217 1464 330 1507 morem
351 1444 478 1511 recenset
497 1445 603 1509 Plinius
623 1446 657 1511 I..
672 1445 773 1511 XXII.
796 1466 822 1509 c.
845 1466 870 1507 1.
898 1448 993 1509 Mares
1010 1448 1086 1529 apud
1114 1449 1213 1507 Dacos

216 1544 247 1608 a
265 1546 406 1604 Sarmatas
422 1566 532 1626 corpora
542 1540 597 1619 suo
621 1538 775 1619 inscribunt.
816 1545 944 1621 Sequiori
976 1563 1049 1607 aevo
1072 1544 1157 1607 Dacia
1180 1548 1212 1609 in

215 1644 340 1721 primam
363 1648 390 1704 st
412 1644 565 1705 secundam
584 1642 631 1706 vel
649 1644 679 1704 in
699 1645 839 1718 majorem
855 1645 1053 1720 minoremque
1070 1643 1110 1703 esi
1123 1643 1212 1703 distri.

215 1741 296 1803 buta.
332 1741 409 1807 Prior
433 1763 547 1820 quoque
564 1742 685 1820 Gepidia
704 1743 788 1803 dicia
826 1761 854 1801 v.
885 1740 1044 1813 Jornandes
1069 1741 1212 1807 derebus

215 1840 325 1902 Geticis
347 1860 408 1918 cap.
434 1860 479 1910 12·
497 1846 525 1904 δι
546 1842 698 1905 &vennas
713 1859 851 1919 anonym.
881 1838 911 1903 l.-
933 1838 955 1903 l.
974 1858 1000 1903 c.
1025 1842 1102 1901 ru&
1118 1838 1151 1901 l..
1160 1839 1211 1901 IV.

214 1958 242 2001 e.
273 1957 320 2018 14.
343 1937 438 2005 Divisa
454 1960 539 2017 porro
557 1940 589 2003 in
608 1938 763 2018 Ripensens
791 1937 1085 2003 &mediterraneam
1107 1937 1213 2003 Suidae

215 2048 365 2114 tempore,
398 2054 430 2099 ut
458 2039 546 2103 refert
575 2036 652 2115 ipse,
699 2037 769 2102 Daci
801 2035 990 2119 Patpinacirae
1021 2034 1087 2099 sunt
1115 2032 1213 2117 appel.

214 2134 277 2195 lati.
320 2138 417 2201 Dacos
455 2134 659 2217 saepenumero
703 2136 797 2201 media
831 2147 923 2212 aetate
960 2134 1122 2199 vocitarunt
1146 2131 1211 2199 scri-

215 2246 341 2316 ptores,
361 2253 433 2312 quos
450 2237 549 2298 Danos
569 2236 664 2296 dicere
689 2234 855 2307 debebant,
875 2234 923 2311 qui
947 2232 1075 2311 Angliam
1097 2229 1213 2301 infestas

214 2343 287 2400 runt
303 2348 549 2413 occupatumque.
563 2334 671 2399 Contra
688 2334 811 2394 Danianr
826 2332 896 2399 dicit
912 2351 966 2415 pro
984 2330 1080 2417 Dacia
1097 2328 1212 2405 Raveng'

213 2448 269 2497 aas
292 2450 452 2517 anonymus
471 2432 502 2503 L.
519 2434 571 2502 Ν.
588 2454 614 2496 c.
640 2452 687 2512 17·
732 2433 773 2501 O.

609 2580 803 2701 Dryopes
907 2617 912 2623 ·
1040 2532 1044 2541 ⁵

259 2774 392 2856 Virgilius
408 2777 478 2840 ilen.
508 2778 540 2845 I..
559 2778 607 2842 lv.
625 2802 653 2844 v.
676 2787 743 2854 146.

434 2916 448 2931 ·
527 2880 655 2961 mixtique
672 2879 775 2940 alteria
809 2879 909 2940 circum
981 2897 984 2905 ¹

341 2971 478 3057 Cretesque
502 2974 675 3059 Dryopesque
698 2974 828 3056 fremunt.

212 3074 267 3139 ubi
287 3074 425 3137 Servius:
462 3076 590 3158 Dryopes
619 3076 715 3158 populi
742 3074 830 3156 juxta
853 3069 1021 3152 Pamoffum.
1054 3078 1210 3137 Gronov:

257 3174 407 3254 Dryopusn
425 3174 541 3251 antiqua
563 3193 633 3252 gens
655 3175 814 3248 Graeciae,
849 3192 935 3253 quam
955 3170 1090 3250 subegisse
1118 3171 1208 3233 fertur

211 3270 372 3346 Hercules,
393 3292 419 3332 v.
440 3271 607 3349 Apollodori
624 3272 759 3336 Diblioth.
790 3270 823 3333 L.
847 3270 884 3332 ll.
923 3290 986 3349 cap.
1008 3276 1025 3333 ⁶
1044 3272 1071 3332 n
1093 3289 1122 3348 7.
1148 3288 1209 3333 non

210 3372 251 3434 ad
275 3371 433 3439 Phocenses
455 3369 617 3449 speclabat,
640 3372 709 3449 quin
724 3373 821 3448 potius
841 3366 982 3432 Thessalia
1004 3368 1124 3431 oriunda
1141 3367 1208 3443 suit,

210 3470 320 3553 inqua
344 3482 454 3547 praeter
475 3470 689 3546 quatuordecim
712 3487 800 3547 pagos
824 3468 894 3529 duas
924 3466 1008 3530 urbes
1046 3466 1207 3541 incolebat,

209 3566 381 3631 Heracleam
393 3586 427 3630 ac
449 3570 600 3650 Dryopen,
621 3568 788 3629 eandem&
811 3565 970 3627 Hemionen
986 3566 1110 3640 dictam,
1138 3562 1208 3625 telle

210 3664 362 3742 Stephano
382 3666 451 3746 Byz.
476 3685 549 3728 voce
571 3668 676 3743 upvo'rn.
708 3666 776 3741 Ejus
795 3666 897 3745 populi
922 3684 1023 3745 magna
1040 3664 1131 3741 pars,
1155 3678 1209 3721 no.

211 3785 265 3829 uas
286 3764 442 3843 quaesitura
462 3766 563 3840 sedes,
585 3766 615 3827 in
635 3764 863 3843 Peloponnesum
891 3762 1039 3843 migravit,
1070 3780 1098 3821 v.
1116 3760 1210 3828 Hero-2

210 3865 300 3927 dotus
320 3864 352 3933 1.
370 3864 447 3927 Vlll.
463 3885 490 3930 c.
510 3883 558 3943 74
584 3865 685 3928 Strabo
703 3865 735 3928 L.
754 3864 809 3927 lX.
824 3884 853 3943 p.
868 3883 937 3941 434.
960 3864 986 3923 dr
1006 3860 1036 3921 in
1051 3856 1207 3951 Euboeam,

211 3983 242 4027 v.
262 3961 410 4027 Pausanias
431 3962 559 4025 lileisen.¹
574 3983 600 4026 c.
629 3983 675 4041 34.
701 3964 790 4040 Quod
816 3963 907 4041 gentis
930 3963 961 4021 in
985 3958 1074 4037 patria
1100 3974 1212 4017 reman-

212 4060 306 4137 serat,
338 4060 543 4137 Phocenfium,
566 4045 668 4141 quibus
688 4080 738 4139 par
762 4061 817 4122 else
831 4060 907 4121 haud
932 4069 1063 4137 poterat,
1082 4054 1212 4117 dominio

214 4157 376 4237 subjeetum
401 4160 441 4221 eli
459 4160 584 4223 successu
607 4162 774 4303 temporgss
804 4160 854 4237 qui
886 4162 914 4221 su
943 4154 1068 4235 ipsorum
1100 4156 1217 4233 regione

798 4260 812 4318 3
