3225 5017
445 523 450 532 ·
504 505 574 566 an
634 503 890 573 erumna
1140 487 1201 598 85·

594 657 786 746 Brit'tates

223 854 371 933 ‘Tamaro)
393 854 456 920 MS.
481 853 562 918 Meri
581 857 708 937 aymo.
728 855 792 936 lege
804 857 934 932 Tmo,
949 856 989 920 est
1001 876 1085 922 mone
1101 879 1193 940 prope

201 954 371 1032 Aquileiam
394 953 527 1033 Virgilius
545 954 609 1018 ΕοΙζ
624 955 701 1022 Vlll,
719 976 747 1017 v.
763 964 793 1018 6.

326 1053 367 1112 Tu
381 1052 465 1130 milti,
486 1047 539 1128 sert
554 1054 645 1136 magni
657 1047 930 1136 superasjaemsaxa
952 1055 1065 1121 Timavi.

1036 1171 1191 1224 Gronov.

200 1242 332 1323 serum,
353 1249 423 1328 quid
443 1249 554 1310 Tincam
571 1250 702 1313 monti&
718 1250 833 1310 Britiati
851 1251 960 1327 fluvio,
981 1271 1018 1316 ex
1038 1272 1074 1315 eo
1092 1254 1194 1318 detur·

194 1347 293 1420 ¹renti,
309 1367 378 1409 cum
404 1348 514 1409 Arno?
535 1347 677 1412 Praetereo
696 1347 812 1410 inloto
837 1349 944 1430 Virgilii
959 1350 1076 1414 laudato
1098 1352 1200 1414 Tinna·

199 1445 395 1521 eustonius,
420 1466 481 1508 non
502 1465 587 1509 moue
601 1447 650 1509 eli.
693 1447 737 1511 Ex
755 1447 837 1510 fonte
851 1449 902 1512 suo
921 1463 1018 1512 tamen
1039 1450 1193 1514 Timavum

319 1566 372 1626 per
390 1566 438 1605 ora
449 1566 543 1605 novem
559 1546 588 1606 6*
609 1547 683 1627 vaslo
705 1566 766 1605 cum
785 1568 914 1634 utrumme
928 1549 1031 1610 ‚mamis

198 1643 232 1704 in
246 1662 326 1704 mare
340 1657 522 1721 praeruptum
534 1645 592 1717 ire,
609 1643 703 1706 scribit
720 1646 799 1706 idem
810 1652 899 1724 poeta
909 1649 977 1708 Aen.
991 1648 1024 1710 L.
1043 1646 1067 1710 1.
1082 1667 1111 1710 v·
1122 1645 1197 1722 244.'

201 1742 339 1819 Quocum
358 1741 548 1804 conferendos
562 1742 642 1806 lilela
659 1743 743 1806 t.11.
766 1764 794 1806 c.
809 1766 839 1820 4.
883 1745 969 1808 Unde
989 1765 1026 1808 ex
1046 1746 1105 1808 hoe
1126 1745 1194 1808 loco

198 1841 300 1903 saltem
313 1841 397 1904 tutari
413 1841 501 1903 verba
515 1841 591 1903 Vibii
608 1842 728 1917 liceret,
750 1843 781 1904 ni
796 1863 850 1922 pro
874 1862 960 1904 monte
986 1864 1053 1908 oum
1074 1843 1195 1906 Parifino

200 1941 241 2004 11.
254 1939 348 2020 legere
362 1940 442 2001 malis
449 1935 554 2020 fontes
582 1941 640 2003 Sed
652 1941 726 2003 hanc
738 1941 881 2004 medelam
897 1941 997 2005 afferre
1011 1941 1105 2004 nostro
1117 1940 1195 2003 haud

200 2039 314 2106 sufficit.
358 2040 515 2111 Timavus,
538 2058 625 2118 quem
639 2039 841 2102 nuncaecolae
855 2040 947 2100 Trmao
963 2041 1090 2118 itemque
1100 2038 1198 2098 Drino

201 2142 319 2212 dicunt,
340 2139 419 2201 haud
434 2136 536 2216 procul
559 2137 631 2199 mari
653 2135 730 2198 orsus
761 2136 921 2214 Aquileiam
948 2138 1069 2198 inter&
1090 2137 1196 2213 'serge-

199 2239 284 2312 sten,
305 2256 400 2314 neque
418 2235 539 2298 fluvium
564 2233 678 2296 uerno
699 2234 814 2296 cuidam
828 2233 997 2294 fimilem·ex
1023 2233 1052 2294 se
1069 2235 1194 2308 emittit,
1287 2245 1288 2250 ’

197 2355 296 2416 neque
308 2337 387 2398 Arno
407 2333 547 2396 miscetur.
591 2331 669 2396 Prius
690 2330 824 2394 fisaltem
843 2329 927 2406 esset,
951 2331 1044 2403 forsan
1057 2333 1094 2406 τᾷ
1121 2333 1196 2392 Anu

200 2435 367 2498 substituere
384 2431 487 2493 Adriae
502 2430 625 2505 liceret,
656 2432 702 2493 cui
720 2432 751 2493 in
771 2429 881 2510 seriptis
901 2430 978 2492 libris
1003 2428 1087 2492 facile
1108 2430 1196 2490 Ariete

198 2535 320 2605 faveret.
365 2530 491 2594 Ortelius
510 2529 625 2591 forsitan
645 2548 662 2591 e
683 2525 776 2610 Hsata
806 2545 893 2588 nome
914 2528 1116 2590 deducendum
1138 2525 1197 2589 liri.

198 2637 296 2698 (laten
309 2629 485 2718 suspicatur,
507 2627 585 2704 quod
600 2626 683 2706 quale
696 2627 746 2703 fit,
755 2627 911 2689 videamus.
956 2621 1048 2704 Iifata
1063 2625 1196 2684 nominen-

115 2760 117 2763 *
197 2752 240 2793 tes
263 2734 371 2812 capuae
395 2726 477 2786 colles
500 2726 571 2788 dicit
594 2726 693 2788 Livius
720 2725 752 2788 L.
780 2725 846 2790 Vll.
872 2743 936 2804 capt
954 2741 1003 2801 29.
1034 2723 1068 2786 ld
1087 2743 1196 2816 nomen

197 2829 391 2895 multitudinis
407 2845 527 2889 numero
547 2825 616 2903 poni
638 2824 727 2898 solet,
749 2823 905 2886 dicendum
926 2821 1048 2900 proinde
1077 2820 1152 2883 foret
1174 2837 1191 2881 o

199 2928 323 3009 Tffatis3
345 2945 444 2990 verum
465 2927 493 2987 δι
515 2925 569 2987 hos
589 2922 678 2985 noller
693 2923 800 3001 procul
823 2921 858 2984 ab
877 2923 956 2984 Arno
975 2933 1075 2982 natura
1103 2917 1196 2980 semo·

197 3033 260 3104 vit,
275 3033 325 3098 ἀ,
346 3037 485 3105 quantum
501 3025 654 3095 novimus,
668 3021 749 3084 nullo
769 3021 859 3084 fluvio
874 3019 1002 3084 Britlatie
1020 3035 1134 3080 nomen
1149 3033 1199 3096 ge-

197 3143 283 3195 rente
304 3126 408 3188 beavit.
454 3122 613 3184 Succedere
627 3118 718 3200 posset
734 3119 894 3193 Tarracius,
922 3107 1048 3180 Maestae
1070 3113 1204 3186 fluviuss·

179 3231 236 3293 ¹ad
260 3244 348 3306 quem
367 3218 623 3301 aptandus'sorsan
636 3217 719 3280 locos
743 3218 896 3278 videretur.
955 3213 1011 3277 Sed
1031 3213 1078 3276 cui
1095 3212 1198 3278 bonol

108 3307 114 3316 ⁴
197 3327 286 3393 Delio
307 3335 435 3385 natatore
455 3318 520 3380 heio
544 3337 635 3397 opus,
658 3336 697 3378 ne
716 3316 857 3392 interpres
879 3311 1068 3390 praefocetur·
1126 3307 1196 3372 For·
1267 3313 1271 3322 '

198 3427 250 3490 san
267 3423 379 3486 Boatlts
401 3416 555 3480 Ptolemaei
571 3416 603 3479 L.
614 3413 667 3481 111.
690 3435 715 3477 c.
736 3435 762 3476 1.
781 3411 821 3474 est
839 3407 1058 3491 intelligendus,
1075 3407 1123 3488 qui
1132 3424 1203 3468 ven·

198 3525 245 3587 sue
263 3520 393 3600 Liguriae
410 3516 481 3578 linet
491 3513 598 3576 incidit·
609 3513 640 3574 in
653 3512 802 3586 Macran,
825 3529 912 3590 quem
937 3525 1007 3572 tum
1020 3509 1097 3570 Arno
1121 3506 1196 3568 sorte

199 3619 335 3685 confudit
357 3615 469 3688 noster,
486 3626 525 3676 ut
539 3610 667 3676 Orteliut
691 3611 782 3673 ferme
798 3629 866 3674 eum
880 3607 991 3672 lusere.
1041 3606 1076 3669 ld
1092 3603 1112 3666 fi
1135 3604 1193 3676 sit,

200 3722 326 3782 Boaslem
335 3715 428 3776 hodie
447 3714 538 3786 Vara,
556 3708 686 3773 ‘mamm
699 3708 836 3787 appellari
853 3707 980 3791 Magna,
1002 3723 1062 3766 non
1074 3697 1196 3774 Serchio,

200 3835 233 3882 ut
256 3818 286 3880 P.
302 3805 520 3884 Bertiovisurn‚
542 3809 650 3871 notasse
670 3811 784 3884 juverit
829 3803 999 3872 Macrailanr
1015 3799 1193 3863 Ptolemaeus

199 3929 285 3979 vocat
318 3912 339 3975 l.
370 3931 396 3973 e.
464 3907 648 3982 Briniatium‚
674 3925 807 3987 quorum
839 3923 890 3982 per
923 3903 1023 3978 agrum
1051 3892 1198 3956 defluebat,

199 4016 344 4085 Bouttos,
369 4025 477 4070 nomen
489 4009 519 4067 in
535 4007 654 4069 nomine
671 4005 750 4068 urbie
775 4003 910 4086 Brugnero
928 3993 1121 4096 supersteseli
1157 3993 1187 4058 &

199 4111 285 4176 futile
308 4105 490 4188 dignoscitur.
524 4105 565 4173 Ο.
763 4123 767 4131 ·
861 4129 863 4136 ·
956 4123 957 4130 ¹

694 4225 755 4305 Fa
