3225 5017
438 497 515 598 148
677 495 861 560 Norae
918 489 1231 579 ventorum

435 697 466 740 r.
488 673 710 734 monumentum
732 653 920 727 ¹lldulitrmum
953 648 1033 728 apud
1060 645 1192 711 Ohishull
1222 647 1311 724 antiq.
1342 641 1426 706 Aliae.

435 795 466 854 p.
488 781 538 842 80·
562 783 587 829 s.
614 772 731 825 enom.
817 753 887 814 Non
907 746 1026 824 desunt,
1059 746 1161 825 quibus
1186 745 1223 807 ad
1250 761 1335 806 veros
1365 739 1430 804 Nili

435 873 532 934 fontes
557 862 677 926 omnino
703 849 859 933 penetrasse
882 865 1030 912 nonnemo
1053 846 1192 909 videatur.
1258 843 1294 906 In
1318 839 1364 903 his
1389 837 1432 899 est

435 973 478 1036 Le
502 968 616 1042 moyn,
641 956 691 1035 qui
710 955 741 1016 in
762 967 872 1028 voyage
890 966 926 1009 au
946 947 1055 1008 levant
1077 942 1171 1010 T.11.
1198 941 1315 1022 Pailrum
1344 951 1433 1015 atque

435 1064 599 1134 Tellezium
618 1058 649 1118 in
674 1053 791 1131 regione
818 1045 957 1110 Sahalrala
987 1039 1194 1106 celebratissimi
1218 1040 1310 1102 amnis
1333 1050 1434 1098 ortum

436 1156 652 1244 deprehendille
673 1165 775 1215 narrat
851 1147 978 1220 Eamque
998 1141 1103 1204 horum
1130 1139 1344 1202 duumvirorum
1367 1132 1434 1194 sen·
1513 1193 1514 1206 χ

436 1264 557 1332 tentiam
572 1252 732 1320 testimonio
748 1245 865 1310 lllullris
889 1244 962 1311 viri,
977 1240 1012 1302 ab
1026 1239 1199 1317 Aethiopum
1223 1255 1288 1314 rege
1297 1233 1435 1297 Cahiram

439 1361 578 1442 ablegati,
593 1356 658 1418 latis
679 1351 819 1428 superque
831 1342 971 1404 firmatam
987 1338 1161 1418 pronuntiat.
1202 1334 1310 1396 Verum
1321 1331 1437 1410 potiora

436 1465 521 1537 sunt,
541 1473 613 1537 quae
632 1450 718 1514 tradit
734 1439 918 1508 D’llnvillius.
975 1436 1020 1500 De
1035 1435 1134 1500 eaullis
1150 1435 1239 1496 annui
1265 1427 1435 1496 inundantis
1513 1475 1514 1506 q

438 1558 564 1628 fluminis
588 1544 758 1614 incrementi
779 1552 883 1602 notum
906 1536 1110 1598 sententiarum
1126 1533 1290 1595 divortium.
1331 1526 1434 1590 Nilum

436 1660 562 1726 Africam
581 1653 655 1714 inter
671 1645 818 1720 litemque
830 1637 984 1698 terminum
1003 1630 1146 1712 agnovilie
1162 1645 1291 1693 veterum
1308 1623 1434 1689 nonnul-

435 1761 500 1832 los,
523 1770 586 1817 tum
607 1746 706 1812 alienis
720 1741 798 1821 apud
812 1735 980 1802 Strabonem
1004 1733 1035 1794 L.
1056 1731 1092 1796 ΙΙ.
1117 1749 1146 1808 p.
1177 1737 1253 1804 126,
1284 1739 1347 1788 tum
1368 1725 1435 1802 prb·

438 1858 508 1939 priis
529 1850 611 1915 Plinii
628 1847 662 1912 L.
684 1841 737 1906 111.
757 1859 785 1905 c.
809 1859 834 1896 r.
852 1837 880 1897 er
899 1833 998 1910 Pomp.
1018 1828 1166 1918 illelaeL.
1186 1827 1212 1894 L
1238 1845 1263 1889 e.
1284 1845 1312 1891 r.
1339 1822 1436 1886 verbis

439 1955 558 2022 constat.
581 1943 681 2010 -Simili
697 1939 786 2004 modo
806 1937 837 1997 in
853 1931 948 1995 tabula
965 1927 1163 1994 Theodolrana
1181 1927 1253 1987 haee
1281 1921 1434 2001 leguntur:
1513 1957 1514 1964 κ

434 2058 470 2139 fl.
495 2052 581 2114 Nilus
604 2045 651 2128 qra'
675 2038 776 2103 diuidit
796 2035 889 2114 Afrum
914 2030 941 2090 Ca
963 2028 1080 2093 libiam.
1131 2023 1243 2102 Quibus
1268 2018 1434 2082 nominibus

439 2155 512 2220 olm
538 2147 685 2228 infigoitus
703 2135 804 2222 pamm
822 2130 909 2196 luerit
924 2127 1028 2203 Nilus,
1042 2124 1160 2188 docebit
1175 2119 1311 2186 Ortelius.
1336 2116 1375 2181 Ο.

741 2383 747 2395 ·
816 2297 828 2308 '¹
895 2309 981 2398 Nar

483 2541 621 2620 Tiberim)
643 2559 673 2604 v.
689 2535 822 2600 Lucanus
841 2509 873 2591 l..
888 2525 912 2588 1.
931 2545 959 2586 v.
976 2539 1046 2598 475.
1073 2499 1158 2582 Silius
1181 2515 1213 2582 L.
1231 2513 1309 2610 llll.
1322 2534 1349 2576 v.
1364 2531 1434 2588 452.

442 2659 582 2716 nessae.
635 2695 638 2700 .
665 2634 802 2699 Umbriae
821 2627 950 2698 flumen,
975 2640 1037 2682 non
1058 2617 1250 2690 Sabinorum,
1272 2614 1359 2692 vulgo
1376 2614 1437 2676 Nar

440 2749 592 2828 salutatum
616 2755 735 2808 verum,
777 2721 1014 2808 quandoquidem
1031 2719 1105 2780 inter
1118 2731 1268 2794 utramque
1290 2713 1438 2791 regionem

439 2840 620 2910 terminusie
642 2836 716 2908 fuit,
730 2829 770 2894 ef.
787 2823 936 2888 Cluverius
951 2818 1014 2882 Ital.
1032 2829 1092 2882 ant.
1114 2815 1146 2880 L.
1164 2813 1201 2876 11.
1226 2833 1252 2874 c.
1284 2833 1329 2872 ro.
1358 2809 1438 2872 houd

439 2947 481 3007 ita
494 2939 568 3003 male
586 2933 696 2999 Sabinis
712 2943 826 3008 quoque
842 2919 1017 3008 adscribitur.
1047 2913 1159 2982 Velinus
1177 2913 1259 2972 latur
1282 2906 1438 2993 sulphureis

439 3040 520 3122 aquis
543 3033 684 3095 exhaurire
698 3028 801 3090 dieitur
820 3022 910 3084 Plinio
935 3015 1032 3080 L.111.
1050 3033 1075 3078 c.
1092 3032 1140 3077 12.
1162 3012 1322 3092 liberiorque
1341 3030 1376 3067 ex
1391 3007 1437 3066 Iris

435 3155 531 3224 petens
550 3132 668 3217 replere,
692 3150 707 3186 e
725 3140 813 3187 monte
825 3116 941 3197 fiscello
957 3117 1059 3182 labeum
1082 3111 1214 3193 Virgilius
1233 3127 1349 3190 quoque
1361 3108 1435 3173 Aen.

439 3226 765 3306 Lffimmm

490 3395 493 3400 .
606 3323 735 3406 Sulfitrea
763 3317 927 3408 Narulbru
950 3333 1043 3396 aqua.
1065 3343 1080 3360 ·
1119 3349 1133 3362 .
1174 3341 1189 3356 -

440 3449 491 3517 ubi
513 3446 629 3510 Servius
647 3441 760 3516 innuit,
776 3439 842 3499 Nar
860 3431 1058 3513 appellatum,
1080 3424 1159 3506 quod
1179 3419 1278 3486 Sabini
1292 3419 1348 3482 hue
1363 3436 1438 3482 voce

434 3545 552 3632 sulphur
570 3544 752 3617 denotarent.
794 3537 898 3612 Neque
914 3545 1011 3594 tamen
1032 3539 1094 3590 tute
1110 3523 1174 3586 satit
1190 3521 1242 3599 ipli
1254 3520 1354 3582 Servio
1365 3517 1439 3579 haee

439 3642 637 3724 interpretatio
655 3638 732 3715 vila3
754 3635 835 3698 addit
851 3633 928 3694 enim
941 3651 948 3693 :
963 3625 1022 3710 fiee
1037 3625 1109 3708 qued
1121 3624 1201 3682 odere
1213 3613 1333 3697 Julfitreo
1359 3638 1440 3676 nares

442 3747 601 3830 eqntingat,
622 3739 682 3821 five
699 3736 771 3819 quod
787 3735 816 3794 iu
835 3733 942 3793 modum
962 3727 1068 3788 narium
1094 3721 1211 3806 geminos
1223 3718 1322 3777 habret
1333 3703 1439 3774 exitur.

320 3901 323 3915 .
388 3854 398 3868 ”
438 3847 524 3923 Quae
540 3859 635 3905 merae
657 3836 723 3900 lunt
739 3851 841 3913 nugae.
872 3827 994 3906 Reliqua
1017 3823 1093 3886 Vibii
1117 3818 1203 3882 rerba
1231 3833 1268 3878 er
1296 3814 1341 3875 his
1364 3813 1441 3882 Stra·

440 3944 524 4007 bonis
544 3940 639 4005 verbio
662 3937 759 4001 lucem
780 3931 927 4008 accipiunt
961 3927 991 3990 L.
1009 3923 1044 3986 V.
1070 3941 1099 4002 p.
1117 3931 1187 3993 227.
1225 3909 1383 3988 praepura,
1408 3908 1441 3970 δι’

439 4033 465 4107 's‘
488 4040 555 4118 ῥεῗὸ
578 4035 632 4114 erp
653 4034 775 4110 ποῖρμὶς,
797 4023 948 4106 συμβίωσιν
971 4013 1008 4102 τὲ
1029 4020 1122 4093 ‘rideo
1148 4017 1232 4093 peregit
1255 4011 1311 4086 ὑπὲρ
1337 4005 1440 4078 (legle-

438 4143 612 4221 m.,ranut
631 4134 684 4198 l'e'
702 4126 824 4212 μεγάλοις
843 4123 975 4204 caprea».
1005 4116 1138 4184 <areolas
1155 4113 1238 4180 Naris
1260 4109 1438 4174 Interamna·
