3225 5017
466 431 541 494 AD
599 430 855 496 PALUDES
1100 451 1182 540 279

181 587 368 684 respondent.
390 589 524 652 Attamen
546 591 629 654 tertia
650 589 693 654 sui
713 605 794 671 parte
815 595 843 656 ἀ
862 594 983 672 amplius
1000 599 1024 660 is
1036 599 1185 671 Strabonis.

179 683 308 750 calculus
335 702 430 750 veram
461 688 599 767 paludum
632 689 816 754 Maeotidum
845 694 1007 758 mensuram
1047 687 1179 781 superat,

178 804 253 864 quae
274 786 384 850 ambitu
403 786 453 850 suo
484 791 533 850 vix
559 788 633 850 ultra
662 790 787 852 ducenta
809 789 939 856 milliaria
971 797 1181 874 complectitur.

177 883 281 961 Itaque
294 886 394 947 Strabo
410 887 453 947 isti
471 888 571 949 novies
585 886 663 949 mille
674 887 891 968 hexapodarum
902 893 991 971 spatio
1005 916 1081 962 mare
1101 897 1180 960 luto·
1263 913 1266 918 ’
1375 895 1381 918 “

180 982 243 1045 lum
263 983 350 1064 vulgo
372 985 460 1073 gnilot
484 1009 553 1049 more
575 986 714 1058 includit,
738 990 816 1066 quod
840 993 955 1069 proprie
973 1013 1026 1072 pro
1050 993 1110 1058 srnu
1131 1016 1180 1074 pa.

179 1079 256 1145 ludis
279 1083 452 1164 Maeotidis,
477 1087 525 1164 qui
550 1088 710 1164 nonaginta
728 1087 858 1150 milliaria
890 1089 999 1156 ambitu
1032 1091 1082 1154 suo
1109 1113 1210 1156 cotr··

180 1183 270 1257 tinet,
297 1182 463 1246 habendum
478 1186 526 1248 ert
542 1185 693 1266 Distinguit
706 1188 824 1264 quidem
841 1187 974 1252 laudatus
995 1189 1182 1270 Geographue

179 1282 345 1346 lllaeotides
364 1285 484 1362 paludes
508 1306 525 1348 a
542 1284 635 1348 lutoso
655 1285 748 1360 mari,
777 1285 825 1352 cui
844 1287 942 1361 carpit
963 1285 1048 1360 λίμνης
1073 1307 1183 1354 nomen

180 1383 330 1458 attribuit,
371 1383 484 1462 prorsus
515 1398 586 1448 uta
615 1385 738 1447 Tartareis
770 1385 915 1464 hodieque
942 1386 1182 1472 tatami-egnit

179 1480 240 1545 stve
260 1481 408 1560 putridum
427 1502 505 1544 mare
529 1483 655 1554 dicitur,
675 1483 804 1563 illudque
820 1499 940 1564 quatuor
957 1485 1110 1548 stadiorum
1120 1485 1183 1550 mit

178 1579 218 1641 lia
234 1581 265 1640 in
289 1582 409 1644 circuitu
427 1581 533 1644 habere
553 1583 638 1645 tradit
652 1583 685 1648 L.
701 1583 765 1648 VII.
782 1604 812 1662 p.
837 1596 903 1662 308.
930 1604 1030 1648 verum
1052 1585 1099 1647 hic
1123 1584 1182 1648 loci

179 1698 243 1743 non
265 1679 318 1740 nili
335 1679 456 1742 lutosum
479 1701 557 1742 mare
578 1682 670 1745 solum
699 1697 837 1760 tanquam
865 1696 975 1760 partem
1000 1683 1184 1748 lllaeotidunr

177 1779 299 1846 lacuum
319 1780 495 1856 considerat,
525 1779 593 1845 alibi
616 1801 717 1843 omnes
738 1779 820 1846 limul
855 1780 1075 1858 compleelitur,
1106 1783 1118 1838 ὅ
1153 1779 1183 1840 it

180 1875 289 1966 elymae
318 1881 363 1940 τῆς
399 1875 484 1951 ripun
509 1875 615 1946 nime
646 1882 701 1944 &c
731 1899 761 1960 p.
784 1897 853 1956 3¹0·
901 1879 1053 1942 Caeterum
1085 1877 1181 1957 plures

179 1978 347 2062 Geographi
364 1977 546 2040 Maeonidum
569 1977 685 2043 lacuum
716 1977 908 2041 multitudinis
933 1998 1054 2042 numero
1082 1979 1182 2042 menri.

177 2071 260 2146 nere.
290 2079 337 2140 sic
367 2077 473 2139 Plinius
506 2077 538 2141 L.
557 2076 683 2140 XXVII.
714 2097 740 2139 c.
762 2096 788 2138 1.
828 2100 847 2136 a
873 2076 995 2136 Maeotis
1020 2076 1181 2158 paludibus.

177 2163 242 2255 'Qui
267 2175 411 2256 periplum
436 2176 540 2239 Euxini
557 2177 659 2254 ponti,
696 2176 815 2238 Arriano
841 2175 999 2249 tributum,
1036 2176 1181 2250 confecit,

178 2277 311 2341 eundem
326 2275 466 2338 ambitum
485 2273 611 2357 lilaeotis
629 2273 781 2353 paludibus
799 2272 951 2348 adscribit,
974 2291 1060 2351 quem
1070 2272 1182 2336 Strabo.

183 2398 215 2440 r.
233 2375 337 2458 peripl.
354 2395 383 2455 p.
403 2394 471 2454 131.
483 2376 520 2438 ad
537 2375 609 2442 calc.
631 2377 696 2441 tate
719 2374 827 2436 Arrian.
849 2373 895 2435 ed.
917 2371 1012 2434 Blanc.
1030 2371 1183 2452 Dionysius

188 2489 288 2540 contra
310 2475 486 2553 Byzantinus
503 2493 653 2554 perperam
674 2474 711 2536 ad
724 2473 782 2535 duo
801 2473 956 2536 stadiorum
974 2469 1063 2532 millia
1081 2471 1183 2536 circui.

180 2586 244 2638 turn
264 2573 350 2638 ilium
370 2572 519 2651 restringit
543 2593 571 2636 v.
592 2571 797 2650 Wellelingius
823 2573 859 2634 ad
879 2571 1060 2636 Herodotum
1082 2569 1113 2638 t.
1128 2569 1177 2633 lv.

178 2695 208 2742 a.
231 2682 263 2738 ό.
308 2688 335 2734 s.
359 2686 479 2734 cnotx.
798 2665 808 2685 ⁸

223 2773 297 2835 Noti
316 2770 357 2831 ita
374 2768 450 2832 male
458 2769 591 2844 Scythiae
606 2771 733 2832 vindicat
748 2769 925 2832 Maeotidem
947 2769 1102 2848 sequester.
1135 2765 1181 2830 Ad

180 2871 333 2950 Scythiam
354 2871 461 2949 quippe
485 2868 579 2932 latiori
597 2869 677 2935 lenlu
705 2873 795 2932 natta
825 2869 863 2930 est
883 2873 915 2932 ‚tt
941 2869 1010 2932 olim
1033 2867 1182 2935 Sarmatia.

178 2971 258 3036 Dein
282 2969 448 3059 frequenter
470 2983 604 3044 vererer,
627 2969 677 3032 ubi
694 2969 730 3032 de
748 2968 900 3032 Maeotide
930 2967 1035 3046 palude
1058 2965 1181 3044 loquun-

181 3086 248 3146 tur,
269 3069 302 3130 in
321 3066 437 3147 Scythia
453 3066 558 3132 locant
581 3069 629 3134 Sic
645 3068 750 3136 Plinius
763 3068 830 3131 loco
852 3087 920 3129 mox
936 3077 1096 3144 memorato
1110 3066 1184 3144 Scy·

181 3171 284 3230 alitam
304 3167 412 3231 herbam
432 3189 452 3229 a
473 3167 595 3230 Maeotis
610 3167 787 3250 paludibus.
816 3211 824 3228 .
848 3165 976 3248 ,portari
993 3159 1093 3242 efferii.
1135 3161 1180 3226 Sic

182 3265 337 3351 Dionysius
360 3265 420 3344 ipse
434 3266 541 3350 pericg.
568 3288 597 3331 v.
627 3275 681 3345 1⁶3
704 3266 762 3347 seq.

307 3389 363 3448 'rori‘
386 3397 412 3463 tr}
431 3394 487 3464 apic
512 3389 593 3464 papiae
619 3385 779 3454 Mattiaci&
802 3378 879 3462 dioclet
898 3388 985 3472 bipertit

309 3485 476 3560 'lezviay‘
496 3489 530 3566 τῇ
553 3487 597 3561 pin
622 3512 650 3546 ct
673 3490 736 3556 cio
760 3484 866 3550 zedim
892 3485 1083 3562 ripparipurlu,

307 3585 407 3663 ’Ἄνδρες
429 3588 574 3663 inopiam,
619 3588 724 3646 uniet-t
746 3587 774 3646 ii
799 3583 889 3660 ptz‘iipat
916 3584 1013 3656 ssltlov,

184 3715 239 3778 Hic
252 3733 324 3792 ergo
342 3711 417 3774 circa
439 3711 616 3774 Maeotidem
635 3711 768 3791 paludem
781 3711 902 3790 Scythas
927 3707 1063 3773 habitalit
1074 3719 1177 3776 narrat.

186 3815 231 3874 Sic
250 3831 339 3890 porro
365 3811 498 3891 Scythica
512 3812 610 3893 stagna
638 3811 793 3874 Maeotidis
818 3807 977 3876 Columella
997 3819 1090 3871 vocat.
1124 3807 1182 3882 Sic,

187 3926 220 3972 ut
234 3910 288 3972 alia
302 3910 445 3981 mittam,
470 3910 500 3969 in
519 3909 616 3973 tabula
639 3929 753 3988 quoque
774 3909 995 3981 Theodosiana,
1034 3906 1082 3967 ubi
1110 3905 1183 3970 ha'tc

188 4008 282 4071 lacum
302 4006 370 4070 istit
389 4008 589 4084 maeotidem,
610 4008 748 4086 adscripta
768 4006 834 4070 lunt
855 4008 921 4068 ista:
949 3998 1022 4082 soffia
1040 3999 1118 4081 faria
1136 4025 1189 4085 ptr

185 4105 279 4178 servos
302 4103 400 4181 stutar
422 4151 431 4167 .
454 4150 462 4168 .
485 4125 539 4168 um.
583 4107 677 4169 Credo
697 4106 852 4184 legendum
876 4105 1018 4166 Scotorum
1041 4120 1094 4180 pro
1117 4105 1188 4184 Scy·

731 4206 794 4278 St
