3225 5017
428 466 508 547 262
670 474 852 538 noane
909 470 1226 560 venroaum

425 638 459 705 L.
472 637 524 701 lll·
552 656 578 699 o.
598 655 643 699 ie.
674 635 708 697 ln
724 634 830 697 Narem
849 649 964 695 amnem
983 630 1125 707 effusum,
1172 630 1298 693 mairiam
1328 644 1423 709 quum

430 736 484 803 Μ’.
504 735 604 799 Curius
625 735 762 797 Dentatus
783 753 807 793 a.
830 754 859 795 u.
883 740 953 806 4⁶³·
985 730 1117 793 interciso
1138 744 1237 792 monte
1260 728 1343 793 latius
1369 731 1423 809 ipsi

428 833 503 897 lacui
526 832 673 911 aperuisset
692 832 812 904 ollium,
836 850 873 892 ex
892 831 1031 891 Cicerone
1049 842 1146 909 patet,
1170 829 1254 903 loco,
1280 848 1368 907 quem
1384 831 1426 891 ei,

429 944 471 997 tat
493 930 636 993 Helselius.
673 930 712 991 lia
728 950 772 994 res
785 930 967 1008 postmodum
988 929 1114 990 Reatinis
1135 932 1164 991 dt
1182 928 1424 991 Interamnatibua
1494 950 1495 984 ;

428 1030 512 1107 jurgii
534 1026 655 1089 caussam
672 1029 761 1093 dedit.
803 1028 895 1089 Testis
914 1044 1023 1104 praeter
1035 1028 1203 1089 Ciceronem
1219 1028 1336 1090 Tacitus
1351 1048 1425 1106 quo·
1495 1049 1496 1060 ¹

430 1146 487 1205 que
506 1126 607 1189 hond.
627 1126 658 1187 L.
682 1126 704 1188 1.
722 1147 753 1187 c..
765 1142 812 1202 79.
826 1126 891 1198 ,lam
906 1142 938 1188 ut
953 1128 989 1187 ad
1009 1128 1124 1189 Vibium
1141 1127 1276 1189 accedam
1291 1129 1427 1205 propius,
1494 1149 1496 1153 ·

431 1226 555 1299 vulnus,
578 1226 687 1304 dudum
705 1226 755 1303 ipsi
776 1225 907 1297 illatum,
925 1244 980 1287 nec
993 1224 1106 1287 Helselii
1125 1243 1180 1287 neo
1197 1226 1335 1287 Gronovii
1357 1244 1428 1287 con·
1496 1275 1497 1280 ,

297 1330 302 1341 ”
431 1327 539 1401 jehum
559 1324 686 1390 sanatum
707 1324 835 1386 arbitror.
866 1325 1036 1392 Boccacius,
1053 1325 1101 1400 qui
1128 1324 1185 1386 ita:
1222 1321 1307 1382 Velini
1331 1318 1430 1402 fontes
1494 1347 1498 1382 i

433 1423 535 1485 ltaliae
552 1421 625 1483 ultra
638 1422 802 1487 Interamnae
813 1417 895 1497 sune,
918 1422 966 1483 alii
984 1422 1079 1483 ansam
1097 1421 1266 1500 suppedoi.
1319 1420 1428 1483 Forsan
1496 1493 1497 1498 η

432 1520 569 1598 scripserit
586 1522 698 1584 Vibius:
727 1520 837 1583 Velinus
851 1520 924 1579 nnn
943 1523 1110 1581 interamnae
1124 1520 1225 1583 tabam
1255 1519 1322 1582 Hoc
1335 1522 1367 1581 ni
1382 1521 1430 1591 sit,
1497 1547 1498 1558 i

330 1685 333 1697 ,
433 1618 556 1697 placebit
575 1618 694 1683 fortassis
713 1620 806 1685 istud:
841 1619 953 1681 Velinus
974 1620 1004 1678 in
1023 1621 1127 1679 Narem
1151 1620 1245 1680 tabens
1267 1632 1316 1681 aut
1341 1618 1431 1679 Velini
1497 1645 1498 1652 κ

432 1716 583 1878 ζδΝανιηι
603 1717 730 1783 labentes.
762 1718 895 1783 Rediora
913 1720 962 1796 qui
979 1718 1107 1794 dederit,
1134 1720 1163 1781 ei
1177 1718 1282 1783 lobene
1304 1718 1432 1798 adstipu·
1498 1765 1499 1774 i

480 1836 522 1877 or·
564 1816 601 1884 0.

834 1956 1026 2040 Venacus

475 2146 566 2213 heus
589 2148 636 2215 liic
657 2150 687 2213 in
704 2150 750 2213 ed.
768 2150 910 2217 Tolosana
934 2150 1030 2215 delicit
1050 2152 1078 2213 ἃ
1104 2152 1201 2226 redu
1221 2168 1287 2213 nam
1302 2148 1431 2229 superior

437 2244 478 2307 est
488 2250 611 2309 Benacus
626 2252 680 2313 &o
699 2251 745 2313 Est
759 2269 855 2317 autem
871 2251 972 2323 neus,
991 2270 1028 2314 eii
1039 2271 1097 2329 quo
1113 2238 1356 2315 Minamfluistn
1374 2251 1433 2313 ori·

437 2354 504 2419 tur,
532 2348 609 2423 quod
626 2350 800 2426 praeterfluit
819 2351 978 2414 Mantuam.
1000 2350 1045 2413 De
1059 2370 1095 2412 eo
1111 2370 1140 2415 v.
1157 2349 1261 2412 Probus
1280 2350 1317 2410 ad
1330 2347 1430 2427 Virgil.

440 2440 541 2521 Georg.
556 2446 587 2511 L.
598 2446 634 2507 ll.
651 2467 678 2507 v.
698 2455 763 2510 160.
784 2465 922 2513 nassau.
1008 2448 1064 2511 llic
1075 2447 1213 2511 ,articulus
1227 2450 1303 2509 reste
1316 2446 1394 2509 deest
1402 2448 1433 2508 io

437 2538 501 2601 MS.
522 2541 641 2605 Mediol.
675 2546 749 2607 Nam
766 2546 843 2609 lacui
864 2561 981 2611 vocatur
1002 2550 1149 2620 Benacus3
1181 2550 1262 2623 cujus
1281 2548 1339 2622 jain
1371 2565 1432 2608 mo-
1501 2603 1502 2614 ,

440 2637 524 2699 ininit
544 2640 698 2719 sequester.
723 2661 879 2711 ononov.
923 2691 927 2699 -
964 2648 1063 2723 Quum
1082 2648 1158 2709 rette
1171 2645 1272 2707 Vibius
1288 2642 1434 2723 scripserat

439 2734 490 2799 suo
504 2737 589 2806 locor
605 2742 729 2803 Benacus
743 2748 796 2807 &o
811 2746 885 2806 sorte
895 2746 1009 2806 fortuna
1023 2746 1052 2805 iii
1068 2742 1235 2821 quibusdam
1252 2742 1347 2817 libris,
1363 2762 1437 2805 con·
1478 2779 1481 2785 ·

441 2847 484 2895 tra
500 2836 643 2903 literarum
659 2843 774 2918 quidem
797 2856 928 2905 tenorem
940 2844 987 2903 sed
1004 2862 1096 2921 prono
1111 2843 1325 2905 amanuensium
1341 2841 1433 2919 lapsu,

412 2942 414 2947 '
445 2933 567 2997 Venacm
582 2940 692 3017 irrepsit
711 2960 763 3019 pro
783 2944 921 3016 Benacus,
957 2942 1036 3019 quod
1059 2941 1174 3004 simulac
1198 2943 1290 3007 nasuti
1314 2942 1435 3019 alicujus

442 3034 627 3101 Grammatici
649 3040 748 3103 oculos
769 3041 799 3101 in
822 3040 851 3101 se
872 3041 1039 3113 convertit,
1067 3040 1162 3103 bonus
1189 3040 1238 3101 ille
1265 3042 1304 3102 de
1326 3042 1437 3103 Benaco

442 3152 503 3195 non
520 3139 646 3215 cogitaris
666 3141 832 3219 &genuina
847 3140 935 3217 arctoi
943 3178 951 3200 »
973 3160 1043 3203 mox
1066 3139 1143 3203 lacus
1161 3140 1276 3203 alteriue
1296 3141 1438 3203 existima·

442 3234 484 3295 vit
501 3254 626 3313 nomen,
648 3240 776 3319 adeoque
795 3241 909 3302 codices
927 3240 997 3301 alios
1015 3239 1067 3303 suo
1082 3238 1148 3302 looo
1165 3239 1210 3301 his
1222 3238 1438 3319 splendidis-lo-

445 3330 601 3407 cupletavit
621 3341 743 3415 oppido!
769 3338 1015 3400 remanentne
1028 3342 1084 3406 dcc,
1100 3338 1131 3399 id
1154 3339 1233 3417 quod
1260 3337 1373 3417 postea,
1405 3351 1438 3400 ut

447 3444 523 3489 error
542 3449 666 3495 errorem
683 3438 785 3512 trahit,
820 3440 852 3499 in
876 3438 1003 3497 Venerius
1031 3438 1068 3499 ab
1088 3436 1193 3499 iisdem
1223 3435 1439 3499 Lucumonibus

445 3540 597 3591 mutatum.
621 3548 665 3593 ΒΕ
687 3550 799 3597 Pnuw.
885 3533 985 3598 Codex
998 3554 1079 3599 meus
1094 3548 1216 3613 utroque
1233 3534 1299 3597 loco
1311 3534 1440 3613 agnoscit

445 3625 525 3700 hunc
542 3632 747 3709 paragraphum
769 3638 797 3697 dt
816 3634 917 3697 ultimo
934 3634 1000 3697 loco
1023 3639 1162 3708 Veneres,
1180 3636 1266 3698 reete.
1297 3632 1357 3710 Qui
1368 3632 1437 3711 legit

448 3746 500 3804 ea,
523 3749 594 3808 quae
610 3731 783 3796 dodillimus
799 3734 905 3796 Pierius
925 3732 1047 3804 contulit
1060 3735 1096 3795 ad
1114 3731 1223 3810 Virgilii
1251 3730 1282 3793 L
1300 3731 1341 3791 X.
1367 3733 1439 3793 Aen.

406 3882 409 3889 .
448 3845 476 3889 tt.
501 3845 570 3903 205.
587 3829 624 3891 de
643 3827 844 3911 orthographia
863 3832 948 3908 huius
967 3834 1046 3895 vocis
1071 3835 1099 3894 dt
1120 3828 1271 3903 similium,
1307 3829 1441 3903 videbit,

449 3943 510 3989 oon
536 3926 590 3988 else
609 3928 758 3993 fortuitum
775 3950 920 4007 errorem,
955 3930 1004 3994 sed
1032 3931 1209 3995 constantem
1234 3928 1320 3989 eriam
1342 3927 1443 3991 Gram-

448 4024 620 4088 maticorum
648 4029 772 4091 virorum
787 4030 926 4091 scribendi
951 4050 1070 4091 morem.
1120 4030 1179 4106 Qui
1201 4048 1287 4107 quam
1308 4029 1443 4105 antiquus

451 4118 507 4197 fit,
526 4142 580 4203 ego
599 4148 659 4191 riori
678 4129 856 4207 definierim,
890 4129 939 4193 sed
960 4132 1019 4207 jam
1051 4128 1187 4193 Hadriani
1212 4140 1344 4207 tempore
1370 4125 1442 4189 obri·
