3225 5017
381 493 475 582 .92
629 482 817 556 nosne
874 481 1194 546 vnaronum
1246 574 1249 596 Ι

420 645 525 711 nimiae
548 644 725 708 librariorum
740 641 910 703 festinationi
925 639 955 702 id
980 633 1187 718 tribuendum,
1209 629 1286 720 ¹quos
1311 643 1351 705 ad
1370 642 1411 706 su·

415 757 557 822 tquentem
571 741 720 805 articulum
743 738 832 802 simile
845 739 906 800 fere
920 759 1027 802 nomen
1047 740 1182 819 abripuit,
1226 739 1325 820 lllysos
1341 741 1410 804 olim
1512 727 1515 752 ''

420 843 496 905 eirca
515 840 673 921 Olympum
689 836 840 912 lrabinlle,
863 835 912 899 sed
931 836 1027 916 pulsos
1045 839 1144 901 deina
1166 837 1321 918 Phrygibus
1343 859 1410 902 con·

418 942 517 1007 sedille
533 941 569 1003 ad
585 939 678 1002 fontes
696 940 774 1003 Caici
797 955 889 1016 prope
912 936 1054 1015 Lydiam,
1080 939 1179 1000 auitor
1202 937 1242 998 eil
1255 937 1357 1000 Strabo
1378 937 1407 999 L.
1510 1009 1514 1028 ί

418 1025 1409 1119 mmmmmmmmmmmmmm
1514 1029 1516 1078 t

419 1141 509 1202 ticum
525 1139 615 1202 linum
630 1136 687 1198 sese
710 1134 858 1198 effundere
878 1137 971 1196 dotet
1006 1135 1057 1198 ¹Sic
1091 1135 1294 1214 intelligimus,
1322 1155 1374 1197 cur
1393 1156 1411 1196 e
1515 1189 1516 1196 ,

406 1237 511 1317 myfia
528 1238 625 1299 venire
639 1235 767 1298 *Caicum
783 1233 859 1294 dieat
882 1227 987 1294 Plinius
1004 1232 1042 1298 H.
1064 1233 1101 1298 N.
1125 1233 1157 1296 L.
1172 1233 1207 1295 V.
1226 1251 1251 1295 c.
1272 1251 1320 1310 30.
1335 1235 1411 1292 Ado.
1512 1293 1517 1314 ,

419 1357 496 1411 mro,
522 1337 648 1414 itemque
664 1327 803 1418 Aylra'rum
819 1331 926 1392 ditium
938 1375 948 1405 ,
960 1331 1054 1394 donec
1072 1331 1234 1396 alileteurii
1259 1329 1332 1406 filio,
1350 1333 1410 1406 ejus
1513 1323 1515 1333 '

420 1435 504 1498 undis
523 1432 631 1506 merso,
657 1432 735 1495 Caini
756 1447 863 1491 nomen
884 1429 1046 1507 acciperet,
1069 1442 1162 1491 narrat
1192 1428 1361 1492 Plutarchus
1374 1429 1410 1489 de
1514 1441 1516 1503 J

419 1533 523 1596 iluviis.
547 1532 641 1596 Hodie
659 1529 782 1612 Gummi
800 1526 958 1606 appellatur
978 1529 1009 1591 in
1027 1528 1129 1592 tabulis
1144 1527 1308 1604 nonnullis3
1323 1527 1410 1608 Niger
1514 1512 1515 1533 ³

419 1631 506 1713 casiri
519 1633 657 1696 nominat.
678 1649 705 1694 v.
727 1626 863 1691 Ortelius.
893 1625 930 1688 O.
1515 1635 1516 1654 ¹

784 1900 787 1904 ι
838 1755 962 1877 Calos

461 1995 507 2058 An
526 1993 559 2067 fit
579 1996 655 2048 utin
678 1987 749 2061 rim
764 1988 889 2054 Danubii
912 1987 1072 2053 ostiorum?
1103 2001 1258 2056 Gnosov.
1340 1987 1410 2064 Ey'us
1517 2029 1518 2036 .

418 2091 489 2154 uns*
512 2092 621 2163 rigator
641 2089 798 2150 meminere
819 2085 987 2167 Apollonius
1015 2086 1120 2166 Argon.
1150 2087 1183 2153 L.
1203 2087 1253 2150 tv.
1279 2102 1308 2148 r.
1339 2105 1409 2165 313.
1517 2141 1518 2152 ,

418 2189 525 2256 Plinius
541 2188 577 2250 tl.
596 2187 633 2248 N.
657 2185 690 2248 L.
710 2185 760 2247 lll.
780 2206 806 2248 e.
826 2204 872 2248 ra.
916 2184 1094 2250 Ptolemaeus
1115 2185 1148 2250 L.
1163 2184 1215 2248 111.
1239 2205 1264 2248 e.
1278 2205 1324 2247 ro.
1345 2186 1411 2247 Am-

416 2290 529 2356 uimn
545 2284 637 2350 tnnc.
665 2283 698 2350 L.
714 2283 816 2350 XXII.
850 2299 942 2359 e.19.
967 2281 1078 2362 aliique.
1139 2284 1244 2362 Neque
1265 2281 1408 2358 dubium,

418 2388 488 2466 quin
511 2385 543 2447 id
569 2382 698 2460 mgitarit
725 2382 832 2448 Vibius.
903 2381 946 2446 Est
972 2383 1000 2444 it
1022 2380 1092 2446 alius
1118 2380 1202 2442 catus
1227 2381 1329 2446 fluvius
1347 2427 1358 2457 ,
1378 2384 1410 2444 in

414 2481 637 2550 Heniochorum
656 2479 789 2557 regione,
821 2480 912 2557 quiin
929 2480 1073 2544 Euxinum
1097 2500 1174 2544 mate
1190 2480 1361 2547 devolvitur.
1380 2503 1408 2544 v.

418 2579 573 2659 anonymi,
589 2596 676 2656 quem
690 2579 838 2642 mnmom
856 2577 942 2659 vulgo
957 2591 1060 2658 putant
1069 2621 1082 2659 ‚
1092 2579 1183 2644 deser.
1198 2581 1281 2648 Ponti
1293 2581 1406 2646 Euxini

414 2698 447 2762 p.
470 2698 515 2754 rs„
559 2676 599 2746 O.

820 2841 1005 2958 Cocytos

458 3036 591 3120 lPrrgilius
612 3037 715 3118 Georg.
745 3037 848 3104 LIV.
871 3061 900 3106 y.
919 3063 988 3122 479.
1014 3045 1041 3105 ἃ
1070 3043 1141 3110 Aen.
1163 3041 1195 3106 L.
1219 3041 1267 3106 VI.
1289 3063 1318 3110 v.
1338 3062 1408 3123 323.
1515 3045 1519 3078 i

345 3148 348 3154 '
416 3154 553 3204 flesset..
638 3137 778 3217 Cocytum
798 3135 851 3196 aial
871 3139 918 3195 rai
941 3136 1041 3198 »naim
1062 3142 1171 3206 ditium
1185 3141 1286 3204 volunt
1302 3187 1311 3219 ,
1328 3143 1409 3222 quod

416 3239 457 3299 est
470 3256 583 3316 gemere
602 3240 631 3299 ir
649 3237 725 3298 flere.
785 3236 813 3300 ls
838 3239 929 3306 amnis
943 3238 1148 3304 insuaviffimus
1165 3259 1223 3302 una
1240 3260 1307 3302 cum
1315 3241 1410 3302 Ache·

415 3351 499 3396 route
517 3336 659 3397 defluebat
675 3355 725 3413 per
736 3334 936 3415 Thesprotiam
953 3340 990 3400 ad
998 3338 1170 3418 Cichyrum,
1184 3337 1252 3401 teste
1272 3335 1409 3402 Pausania

275 3465 280 3472 ·
415 3432 449 3497 L.
466 3431 489 3493 I.
506 3451 532 3494 c.
551 3451 597 3510 17.
625 3433 794 3513 lugubrique
817 3435 906 3514 iuno,
933 3456 1019 3516 quem
1046 3441 1108 3514 eius
1136 3437 1213 3500 unda
1242 3438 1316 3500 inter
1342 3436 1409 3499 saxa

413 3530 510 3594 fotian
526 3531 676 3608 provoluta
694 3534 815 3608 edebat,
830 3535 915 3614 digna
931 3535 1003 3613 fuit,
1028 3555 1113 3614 quam
1127 3537 1158 3597 in
1173 3533 1285 3597 inferno
1299 3533 1409 3597 locaret

412 3630 557 3693 Homerus
575 3629 672 3708 Odyll
690 3629 723 3697 L.
740 3630 781 3699 X.
799 3652 827 3694 v.
848 3654 919 3708 5¹4·
948 3634 995 3698 Sie
1020 3634 1117 3696 [altem
1137 3633 1282 3697 Pausanias
1307 3633 1410 3696 Poeta·

413 3748 479 3792 rum
500 3728 675 3807 principem,
696 3748 785 3808 quum
800 3750 835 3792 ea
849 3729 912 3793 loca
924 3732 1054 3809 vidisset,
1068 3731 1158 3796 multa
1168 3751 1204 3794 ex
1215 3731 1269 3794 illis
1282 3733 1312 3793 in
1321 3731 1409 3795 suum

412 3829 451 3890 de
467 3827 564 3909 inferis
578 3845 682 3905 poema
696 3827 864 3891 transtulille
881 3829 1027 3894 existimat.
1074 3829 1181 3894 Similia
1201 3829 1303 3892 istisin
1323 3828 1409 3892 Italia

411 3927 488 3988 circa
502 3929 647 3988 Avernum
666 3927 694 3990 ἅ
712 3925 867 3990 Lucrinum
886 3928 980 3992 lacum
1001 3929 1138 3992 invenere
1159 3929 1262 3991 Poetae
1285 3927 1407 4005 Latini,

411 4043 451 4085 ne
462 4025 578 4087 Tartara
591 4026 661 4087 foris
681 4043 816 4104 quaerere
834 4047 905 4106 opus
923 4027 999 4090 eilet.
1042 4029 1087 4092 Sic
1105 4028 1295 4089 Acherontem
1308 4023 1406 4102 suum,

377 4165 381 4173 .
412 4121 451 4183 ile
466 4122 568 4200 Styga,
591 4123 628 4186 ste
644 4123 787 4203 Cocytum
803 4128 835 4188 in
857 4127 906 4189 ista
921 4129 1036 4207 regione
1056 4127 1172 4190 habent.
1217 4125 1325 4206 Virgilii
1340 4126 1406 4190 loca
