3225 5017
337 3837 340 3841 ’
447 3840 543 3919 plures
560 3834 800 3902 autemrecensat
821 3834 1020 3913 Ptolemaeus,
1052 3841 1134 3922 cujus
1156 3859 1271 3907 nornen
1287 3841 1442 3908 adnomen

445 515 537 624 338
670 523 853 586 sorta
911 519 1225 585 VARIORUM

811 721 1017 809 Maxteria

485 923 643 993 Articulum
664 921 767 996 istum,
803 917 1010 981 immedicabili
1029 917 1123 981 forsan
1155 919 1275 982 vulnere
1299 919 1443 1002 saucium,

444 1028 580 1096 simlerus
600 1025 729 1103 ignorat3
750 1017 910 1096 inscriptis
928 1016 985 1098 legi
1005 1017 1105 1094 libris,
1125 1016 1174 1086 sed
1195 1019 1359 1087 diuerlitate
1380 1043 1447 1104 qua.

443 1130 511 1203 dani
528 1125 560 1188 in
582 1124 675 1202 prima
701 1138 774 1184 voce
798 1115 1009 1194 conspicuum,
1036 1117 1148 1182 videbis
1174 1139 1240 1204 pag.
1266 1139 1316 1208 3⁰⁸.
1338 1122 1446 1186 Rocca·

441 1228 502 1290 clus
515 1227 571 1293 iras
594 1218 744 1286 armana
758 1238 833 1279 mons
853 1215 888 1298 est
903 1210 1056 1298 hispaniae
1065 1213 1152 1295 juxta
1168 1217 1295 1299 oppidum
1304 1219 1444 1284 Aaronaa.

439 1327 490 1392 Ne
515 1337 611 1388 autem
632 1323 805 1382 intentatum
824 1314 921 1376 locum
936 1315 1214 1392 praetermittamus,
1238 1315 1333 1379 statim
1350 1319 1383 1378 in
1404 1339 1445 1381 re

441 1427 529 1505 gionc
546 1423 675 1485 dicemus
690 1434 816 1478 errorem
830 1411 918 1476 latete
932 1411 1028 1491 posse,
1051 1414 1190 1492 siquidem
1210 1417 1319 1479 montis
1337 1437 1445 1481 nomen

439 1525 509 1588 alibi
524 1518 746 1600 deprehendere·
760 1515 855 1580 liceat.
879 1512 1020 1573 Maxeras
1039 1511 1183 1591 populum
1200 1513 1364 1592 Hyrcaniae
1385 1537 1446 1580 nar-

439 1636 484 1685 rat
502 1619 682 1682 Ptolemaeus
705 1614 736 1677 L.
757 1607 807 1675 Vl.
836 1630 862 1674 c.
890 1631 918 1688 9.
941 1611 1025 1686 cujus
1060 1624 1135 1674 terra
1152 1609 1276 1673 Maxera
1301 1615 1393 1694 rigata
1415 1617 1447 1680 fit

438 1721 539 1782 fluvio.
570 1717 666 1792 Hujus
686 1724 833 1792 praeterea
848 1709 1007 1774 meminere
1024 1711 1051 1780 ἃ
1067 1709 1175 1774 Plinius
1190 1730 1227 1774 ex
1242 1701 1445 1791 emendatione

440 1815 584 1882 Harduini
600 1814 632 1876 L.
655 1811 748 1875 viic.
766 1817 814 1875 ro.
834 1811 861 1872 δι
883 1809 1051 1871 Ammianus
1068 1807 1255 1880 Marcellinus
1277 1813 1311 1876 L.
1321 1815 1442 1880 ¹Xislll.

440 1937 469 1979 c.
484 1935 532 1989 25.
555 1913 620 1988 Jarn
647 1923 762 1975 montes
790 1909 822 1969 in
852 1907 908 1969 istis
936 1907 1063 1970 maxime
1087 1908 1164 1972 orbis
1193 1921 1335 1974 terrarum
1356 1912 1443 1994 plagis

442 2015 543 2078 videre
555 2010 688 2074 amnibus
703 2007 912 2087 cognomines,
939 2005 1011 2068 nihil
1031 2007 1103 2092 ests
1127 2008 1206 2085 quod
1231 2009 1369 2088 cuiquam
1394 2013 1443 2074 mi.

441 2133 509 2177 mm
520 2109 605 2190 polsrt
623 2107 768 2172 accidere.
803 2105 904 2184 ltaque
923 2104 1017 2167 forsan
1033 2105 1156 2167 Maxera
1174 2107 1227 2169 erit
1241 2097 1328 2171 mons
1339 2155 1349 2186 ,
1360 2131 1443 2190 quern

439 2212 524 2278 ullibi
542 2210 678 2289 repererit
698 2206 807 2268 Vibius.
832 2204 910 2268 Turn
931 2223 998 2283 ergo
1022 2223 1075 2284 pro
1091 2199 1243 2288 Hispaniae
1267 2207 1379 2286 legeres
1403 2228 1443 2270 re-

440 2314 514 2378 ctius
532 2309 711 2390 Hyrcaniae,
732 2304 873 2387 sanieque
892 2303 1084 2388 concederes,
1111 2301 1214 2364 scribas
1250 2307 1363 2384 regioni
1390 2308 1442 2368 mi·

439 2429 496 2473 nus
520 2407 573 2468 sabi
596 2420 683 2469 notae
702 2405 846 2469 notiorem
861 2401 1035 2466 substituisse.
1067 2399 1188 2464 Faveret
1208 2405 1236 2465 dc
1255 2403 1351 2481 illud,
1366 2406 1441 2484 quod

439 2505 605 2570 Ptolemaeo
618 2504 728 2564 ibidem
747 2517 922 2562 memoretur
939 2499 1006 2563 urbs
1027 2495 1178 2577 Mausona.
1193 2517 1195 2521 ·
1211 2491 1294 2564 Unde
1315 2505 1441 2584 prodiret
1498 2565 1499 2574 ,

446 2604 566 2668 tandem
584 2604 615 2666 in
637 2600 759 2664 Vibiana
778 2601 922 2662 montium
940 2599 1010 2660 serie
1024 2589 1040 2666 ς’
1256 2596 1260 2606 “
1498 2575 1499 2653 l

568 2725 694 2788 Mazara
706 2720 795 2805 juata
816 2723 943 2806 oppidum
960 2695 1115 2814 Maufinat
1133 2675 1310 2810 *Hyrcaniae

447 2851 558 2930 Lepide
580 2843 933 2928 profedoconspirarent
956 2849 1071 2933 omnia3
1107 2849 1197 2910 modo
1238 2870 1350 2914 nomen
1374 2851 1441 2916 illud
1496 2895 1497 2934 r

445 2951 554 3015 montis
573 2958 737 3010 occurreret
757 2943 884 3022 usquam.
920 2945 1029 3008 Verum
1051 2945 1209 3026 cogitabis,
1226 2947 1316 3012 multa
1328 2949 1442 3030 scripto·
1496 2935 1497 2965 ¹

440 3070 508 3114 rum
529 3046 676 3110 volumina
698 3041 823 3123 periisse3
849 3044 927 3104 unde
946 3035 1089 3108 nonlicet
1108 3046 1222 3126 prorsus
1246 3067 1283 3110 ex
1309 3049 1343 3111 iis
1373 3071 1441 3130 quae
1483 3067 1496 3121 a

441 3148 593 3236 supersunt
607 3148 644 3209 de
667 3143 801 3239 bruilibus
824 3133 960 3219 judicata
990 3127 1110 3207 Interim
1130 3147 1312 3224 conjedurae
1324 3168 1387 3210 non
1405 3151 1442 3213 ui-

443 3253 499 3329 mis
526 3266 575 3310 me
597 3231 744 3308 inhaerere
761 3261 866 3316 meae,
896 3239 998 3320 sponte
1019 3243 1166 3321 profiteor.
1208 3244 1315 3308 Forsan
1341 3247 1441 3326 proba·
1494 3205 1495 3277 l

445 3348 548 3428 biliora
565 3345 645 3407 dabit
662 3344 743 3416 alius.
766 3343 796 3404 si
815 3341 879 3425 quis
893 3341 924 3402 in
938 3335 1075 3424 Hispania
1100 3344 1205 3406 morari
1223 3343 1443 3420 naiman.
1493 3373 1494 3433 i

443 3467 494 3506 arae
517 3443 582 3520 loco
599 3437 739 3518 ananan
755 3457 867 3520 ponet,
894 3461 952 3519 quo
972 3440 1092 3502 nomine
1107 3441 1229 3521 sequiori
1247 3431 1322 3508 aevo
1339 3431 1442 3508 malta·
1492 3491 1493 3498 κ

444 3557 509 3609 tum
539 3541 590 3604 est·
604 3520 745 3619 oppidum
773 3539 1004 3616 Ausetanorum,
1041 3539 1204 3605 Ptolemaeo
1232 3541 1272 3628 La
1296 3540 1338 3610 IL
1362 3561 1390 3610 c.
1414 3548 1439 3606 ό.
1492 3503 1493 3589 l

443 3636 570 3727 Ausum,
598 3637 665 3700 abas
681 3656 796 3717 quoque
817 3633 920 3734 Ausa,
942 3627 1118 3708 vocitatum
1153 3643 1268 3702 Aurana
1289 3643 1371 3704 euim
1398 3659 1441 3703 ve·

442 3742 552 3813 teribus
567 3729 651 3818 plane
675 3738 795 3814 ignota3
824 3757 919 3814 neque
949 3737 1095 3826 quisquam
1118 3737 1168 3804 hic
1194 3759 1279 3804 mons
1304 3741 1441 3816 occurrit,
1487 3763 1491 3901 1

450 3936 610 4022 maranae
632 3933 692 4002 ullo
711 3935 809 4020 modo
824 3934 950 4002 accedat.
966 4015 968 4018 Ι
994 3937 1036 4004 Ο.

852 4083 1008 4186 *isli*
