3225 5017
461 483 540 545 202
683 474 869 539 NOTAE
926 476 1243 563 VARIORUM

454 636 497 720 est.
542 634 591 717 Est
615 632 682 693 enim
711 651 815 695 torrens
840 631 933 694 hieme.
965 649 1101 699 mussat.
1199 637 1306 701 Similia
1334 643 1434 707 tradunt

454 736 629 813 Pomponius
644 732 765 796 Sabinus
783 732 935 795 &Probus
953 733 1109 797 Grammat.
1133 736 1255 813 quinon
1274 757 1372 815 aquam
1393 741 1437 802 ha.

453 830 543 907 bere,
563 830 613 909 nist
634 830 748 909 pluviae
769 844 901 909 tempore
919 833 1028 909 adjicit.
1071 834 1214 899 Paullinus
1237 839 1437 916 quoqueNola·

453 950 508 995 nus
529 930 623 996 Natal.
644 928 697 994 lll.
715 932 752 993 de
771 929 866 993 Felice
885 951 913 993 v.
940 940 992 995 ⁶2.

530 1090 534 1095 .
577 1086 590 1095 .
627 1090 629 1097 Α
671 1082 684 1099 .
718 1090 722 1097 ,
764 1082 777 1099 .
858 1076 872 1091 .
953 1077 967 1091 .
1047 1047 1142 1128 quiq„

579 1140 702 1225 Ufentem
724 1143 890 1223 uarumque
912 1144 1027 1220 bibrtnt,
1051 1147 1098 1227 qui
1124 1147 1200 1226 ficta
1217 1147 1344 1232 Tanagri.

451 1268 558 1333 Contra
572 1266 692 1331 fluvium
713 1268 783 1329 dicit
805 1267 968 1330 Boccacius.
1000 1268 1091 1347 idque
1111 1270 1207 1333 firmat
1230 1270 1329 1335 Celsus
1360 1270 1438 1333 Citta·
1493 1287 1494 1348 l

452 1368 556 1443 dinus,
579 1367 627 1445 qui
647 1367 678 1427 in
699 1364 816 1445 epistola
831 1366 868 1426 ad
879 1366 1023 1431 Ortelium
1040 1368 1126 1445 data,
1148 1388 1234 1449 quam
1255 1371 1281 1431 is
1302 1369 1441 1448 lnthesau-
1493 1357 1494 1452 i

452 1486 485 1529 ro
504 1466 554 1528 suo
572 1464 771 1543 Geogtaphico
788 1478 944 1540 memorat,
971 1478 1083 1527 tanturn
1105 1467 1199 1528 abelse
1212 1467 1321 1543 refert,
1350 1486 1380 1533 ut
1392 1483 1441 1527 tot·
1493 1465 1494 1474 ’

451 1582 517 1625 rens
541 1563 630 1624 modo
651 1562 684 1625 fir
699 1563 829 1641 Tanager
843 1582 936 1643 neque
953 1582 1059 1641 aquam
1085 1565 1189 1627 habeat
1206 1567 1259 1627 nist
1293 1566 1442 1646 pluviarum

451 1674 597 1739 tempore,
621 1674 653 1723 ut
673 1662 768 1739 potius
786 1662 892 1723 fluvius
916 1661 965 1735 stt,
1001 1660 1050 1740 qul
1077 1664 1108 1724 in
1135 1664 1165 1725 sc
1185 1666 1305 1743 recipiat
1328 1670 1356 1728 dc
1380 1666 1442 1727 alios

450 1760 554 1825 fluvios
575 1762 602 1829 dt
623 1762 697 1823 inter
714 1774 841 1823 caeteros
861 1760 1005 1838 quendam
1023 1761 1109 1840 vulgo
1131 1763 1241 1827 didium
1268 1764 1299 1824 la
1323 1764 1443 1827 Bormdi

450 1858 583 1935 Pictmo,
602 1878 618 1921 a
639 1860 756 1923 Picetno
780 1860 889 1938 oppido
909 1860 1027 1939 antiquo
1044 1860 1219 1924 semidiruto.
1244 1862 1440 1929 Perenneshaz
1494 1925 1495 1936 ,

451 1957 519 2021 bere
535 1958 653 2034 fontes,
672 1960 758 2022 etiarn
785 1958 935 2022 Cluverius
960 1958 1074 2023 testatur
1094 1960 1128 2026 L.
1145 1959 1193 2022 lv.
1210 1979 1238 2022 c.
1255 1981 1308 2037 ¹4·
1332 1961 1443 2024 Hodier-

449 2076 521 2120 num
540 2078 649 2121 nomen
672 2058 806 2141 ithgm
830 2076 868 2119 ex
888 2057 1013 2139 Tanagri
1042 2059 1182 2135 nomine,
1216 2060 1365 2122 auferendi
1385 2056 1442 2121 casu

451 2157 544 2235 posito
565 2160 592 2220 dt
612 2158 706 2236 capite
729 2171 883 2231 truncato,
906 2172 1002 2219 ortum
1020 2157 1069 2219 est.
1093 2157 1199 2235 Adjicit
1219 2156 1318 2221 Celsus
1339 2157 1444 2219 illect-

449 2257 584 2331 tadiuus,
603 2255 777 2319 verissimum
796 2255 852 2317 elie
870 2256 948 2335 quod
969 2254 1074 2318 Plinius
1097 2256 1128 2319 L.
1150 2256 1186 2318 ΙΙ.
1222 2276 1250 2319 c.
1273 2276 1342 2335 ¹03·
1365 2255 1443 2317 tradit

448 2354 477 2417 in
493 2356 608 2416 Atinate
625 2376 718 2437 campo
730 2354 848 2437 fluvium
866 2348 976 2430 mersum
986 2356 1045 2437 post
1066 2354 1138 2417 XX
1152 2356 1196 2415 Μ.
1213 2356 1250 2418 Ρ.
1274 2355 1357 2419 exire.
1372 2354 1442 2414 idem

449 2452 527 2527 enim
542 2452 684 2532 hodieque
699 2454 788 2515 videri
802 2452 889 2531 posse.
925 2452 1022 2516 Paullo
1038 2454 1124 2516 fufius
1137 2473 1199 2515 rem
1223 2456 1312 2517 tradit
1328 2453 1441 2517 Hatdui·

448 2570 504 2613 nus
520 2553 556 2613 ad
577 2540 720 2627 Plinium,
741 2571 828 2631 quent
846 2552 883 2613 stc
899 2555 1037 2631 exponit:
1090 2552 1298 2631 „Tanagrum
1319 2551 1443 2629 intelligit
1495 2567 1496 2622 l

448 2693 470 2727 ,‚
494 2648 668 2729 Principatus
688 2652 824 2714 citerioris
855 2650 991 2713 initalia
1017 2670 1153 2739 amnem,
1185 2653 1235 2731 qui
1263 2654 1295 2713 in
1321 2652 1442 2717 sintin,
1495 2637 1496 2696 ἶ

449 2793 470 2825 ,,
494 2750 579 2824 Seio,
602 2751 710 2813 defluit.
754 2750 782 2813 Is
801 2750 875 2811 infra
899 2752 1037 2824 tltinum,
1068 2752 1174 2825 Arene,
1197 2751 1235 2811 ad
1265 2749 1443 2813 diversorium

447 2876 470 2909 ‚,
493 2832 660 2910 publicum,
683 2834 713 2893 la
731 2832 834 2910 Polla,
856 2835 888 2893 in
909 2833 1024 2911 specum
1045 2853 1150 2911 magno
1175 2832 1204 2893 se
1220 2854 1292 2897 cum
1304 2840 1441 2896 murmure

449 2933 599 3007 „montis
633 2932 795 3007 condens,
843 2933 906 3009 post
928 2932 967 2994 lv
992 2932 1103 2994 circiter
1127 2930 1171 2994 Μ.
1192 2932 1224 2997 Ρ.
1249 2933 1331 2996 haud
1352 2927 1443 3011 procul

313 3100 317 3111 ¹
448 3074 469 3109 „
493 3029 608 3093 Auletta
631 3031 735 3093 iterum
751 3033 888 3109 emergit,
911 3030 947 3092 ad
969 3029 1175 3106 diversorium,
1215 3032 1265 3093 cui
1294 3050 1331 3093 ex
1351 3017 1391 3092 ¹ta
1416 3044 1443 3087 re

446 3174 470 3205 ‚,
491 3130 564 3194 fatu
585 3130 756 3211 appellatio,
789 3129 934 3211 L'lrofleria
955 3128 1000 3189 del
1017 3124 1146 3206 Pertufir,
1163 3128 1222 3190 hoc
1240 3128 1302 3204 est,
1328 3124 1444 3189 diverso·

446 3273 469 3305 ‚,
492 3233 566 3295 tium
593 3232 747 3294 foraminis.
764 3274 787 3307 „
831 3230 930 3309 ltaque
946 3229 976 3289 in
995 3228 1169 3307 designando
1188 3226 1346 3290 intervallo
1364 3222 1444 3289 alli-2

442 3328 497 3406 ¹nio
521 3330 634 3393 videtur
669 3349 746 3392 error
768 3328 931 3391 commissus
946 3326 1010 3388 effe.
1034 3327 1069 3389 ln
1082 3328 1219 3389 Antonini
1240 3328 1388 3389 itinerario
1404 3324 1443 3383 in·

447 3438 490 3489 tet
508 3427 655 3486 Nuceriam
678 3432 703 3490 dt
726 3430 766 3489 ad
783 3428 903 3488 Calorem
923 3426 1049 3505 'legimus
1072 3426 1198 3485 inmedio
1219 3424 1336 3487 Salemo
1352 3420 1446 3483 adst·

446 3544 557 3598 namn,
581 3524 630 3587 ubi
649 3525 753 3605 absque
768 3527 857 3590 dubio
874 3525 1028 3604 legendum
1049 3526 1089 3596 ad
1106 3527 1274 3610 Tanagrum,
1300 3523 1443 3603 quodiam

447 3622 580 3688 Cluvetio
604 3621 720 3702 placuit.
761 3625 871 3700 llliror,
894 3624 1003 3687 doniis.
1031 3624 1254 3703 Welselingium
1275 3624 1313 3684 ad
1334 3621 1445 3685 Vibium

445 3724 589 3802 nostrum,
611 3744 672 3787 non
688 3724 758 3787 item
776 3725 812 3788 ad
829 3722 994 3803 Virgilium,
1012 3742 1048 3785 eo
1063 3723 1129 3799 loco
1152 3741 1329 3805 provocate.
1371 3720 1408 3783 0.

902 3883 997 4047 epp.
