3225 5017
455 455 530 538 162
671 457 856 518 uorat
913 455 1227 518 vnnroaum
1332 419 1334 427 '

450 623 593 697 videndus
616 615 792 698 Sylburgius.
817 629 971 679 Gronov.
1054 612 1098 676 Ex
1113 615 1252 678 Strabone
1276 615 1349 692 apud
1367 616 1428 682 Pau.

449 730 556 797 faniam
575 719 670 799 legere
685 715 767 793 jubet
789 710 933 790 Περμησσὶι
949 711 1123 792 Harmngue.
1153 713 1256 792 Estque
1276 716 1303 774 tlt
1328 726 1427 788 nup...

450 826 499 888 m*
538 819 648 886 mentio
691 814 770 893 apud
804 812 926 874 Statium
955 813 983 874 ἃ
1016 810 1083 874 alibi
1119 810 1227 890 pallrm.
1295 811 1428 874 Nicandro

449 931 483 991 in
503 916 714 987 Theriodes.
736 931 783 974 η.
814 908 939 986 nupera-ir
964 907 1108 976 salutatur.
1144 911 1190 972 Sic
1216 912 1244 972 δι
1269 909 1343 987 apud
1361 897 1450 971 Μαι(

449 1027 560 1089 uanum
581 1010 727 1092 Capellam
742 1011 773 1070 in
787 1007 963 1072 Astronomia
982 1007 1022 1068 est
1044 1003 1203 1084 Parrmffits.
1228 1008 1332 1070 Contra
1341 995 1431 1069 Strabo

447 1120 564 1186 Pilidiae
583 1112 684 1176 urbem
709 1107 838 1170 recenset
856 1099 1008 1181 Termeffum
1023 1105 1055 1168 L.
1073 1105 1142 1168 Xll.
1163 1127 1193 1186 p.
1215 1123 1285 1184 570.
1316 1105 1353 1186 cf.
1378 1104 1431 1184 Syl.

318 1240 324 1260 ·
447 1220 564 1296 burgim
581 1211 619 1274 ad
641 1206 814 1273 Pausaniam.
852 1204 896 1267 De
920 1203 1054 1268 Permeffi
1074 1203 1216 1268 hodierno
1235 1204 1353 1268 numius
1380 1223 1432 1266 non

448 1316 567 1382 coortat.
610 1310 649 1373 0.

488 1454 492 1467 ·
864 1423 1020 1511 Pmoem

485 1655 518 1698 v.
538 1625 728 1695 Callimtchus
752 1623 854 1702 hymn.
872 1622 903 1682 ln
926 1619 992 1684 Del.
1019 1639 1048 1688 t.
1069 1637 1137 1696 105.
1164 1617 1295 1685 Catullus
1324 1619 1430 1702 epithal.

446 1734 533 1800 Thet-
551 1734 578 1793 δι
598 1725 657 1792 Pel
680 1722 804 1788 Ovidius
824 1720 899 1784 lllet.
925 1717 1001 1782 L.'I.
1036 1738 1065 1781 v.
1087 1724 1157 1795 468.
1188 1717 1223 1782 1s.
1257 1721 1378 1784 Tzetzes
1402 1719 1434 1782 ad

446 1828 632 1913 Lycophron.
653 1843 683 1885 v.
725 1837 813 1900 1342.
840 1821 868 1880 ἃ
894 1815 992 1881 Schol.
1015 1817 1051 1879 ad
1074 1817 1186 1880 Callim.
1208 1817 1229 1884 l.
1249 1839 1276 1883 c.
1305 1834 1431 1883 nassau.

489 1926 630 2006 Bebryces
643 1921 785 1985 Thraciae
802 1916 904 1996 populi
921 1917 1002 1978 fuere
1021 1958 1033 1986 ,
1062 1916 1271 1980 incurfionibus
1292 1917 1431 1992 celebres,

447 2025 591 2110 quibus&
609 2020 752 2098 Europam
768 2021 797 2080 ἀ
815 2016 905 2079 llam
925 2015 1114 2090 infestarunt,
1142 2035 1170 2078 v·
1189 2015 1294 2078 Strabo
1311 2017 1342 2079 L.
1356 2013 1433 2080 x111.

446 2106 477 2210 p.
500 2132 567 2203 586.
584 2119 668 2185 facile
687 2117 807 2198 proinde
829 2115 890 2176 fieri
906 2113 1016 2192 potest,
1039 2127 1072 2175 ut
1097 2114 1128 2175 in
1149 2112 1432 2192 Thellaliamusque,

447 2245 466 2292 a
483 2222 568 2287 natali
587 2220 647 2283 solo
664 2217 742 2280 haud
759 2213 883 2278 multum
906 2225 1064 2286 remotam,
1086 2212 1253 2275 victricibus
1287 2213 1370 2275 armls
1390 2229 1434 2289 pe-

361 2325 385 2338 ''
426 2387 429 2394 ,
446 2302 593 2387 netrarint.
618 2334 643 2380 s.
657 2329 774 2378 caorx.
858 2312 937 2375 Inter
952 2311 1091 2373 Thraciae
1109 2311 1233 2389 pupulos
1247 2312 1375 2375 recenset
1388 2312 1434 2373 Bt·

445 2422 548 2502 bryces
571 2415 671 2479 Strabo
686 2413 719 2479 L.
733 2410 798 2477 VII.
821 2431 851 2489 p.
874 2429 943 2486 295.
962 2391 1088 2488 itemque
1110 2409 1141 2472 L.
1160 2407 1230 2476 XII.
1251 2409 1281 2490 p.
1302 2431 1369 2486 541.
1387 2407 1432 2472 ubi

445 2531 545 2582 tamen
562 2511 744 2576 subdubitare
757 2508 880 2572 videtur.
907 2507 970 2570 lmo
987 2509 1018 2572 L.
1045 2507 1129 2572 XIII.
1152 2529 1181 2588 p.
1199 2527 1261 2575 aa
1283 2509 1435 2574 Thracibus

416 2626 419 2632 '
446 2613 562 2678 eosdem
586 2610 739 2689 distinguit.
775 2607 898 2686 myram
916 2609 943 2668 ἃ
961 2607 1123 2686 Bithanam
1145 2607 1304 2684 habitalle,
1344 2606 1435 2686 pallmt

445 2714 532 2777 docet
545 2709 749 2788 Geographus‚
776 2705 825 2766 sed
848 2705 971 2768 saccula
996 2707 1132 2786 temporit
1159 2707 1234 2769 faeta
1248 2709 1360 2788 generis
1375 2725 1435 2768 cum

444 2809 603 2889 Phrygibus
630 2805 810 2884 permistione
829 2803 885 2863 elle
907 2803 1038 2868 abolitos.
1085 2804 1223 2867 Interiille
1237 2806 1314 2870 hanc
1328 2819 1435 2884 gentem

443 2928 512 2971 cum
528 2906 590 2968 aliis
603 2902 728 2965 rlliaticis
744 2900 909 2975 nonnullis,
930 2921 967 2963 ex
992 2903 1176 2966 Eratosthene
1201 2903 1310 2970 Plinius
1329 2921 1435 2984 quoque

441 3003 528 3068 tradit
544 3003 581 3064 ll.
598 3001 636 3064 N.
664 2999 742 3062 LV.
765 3018 792 3060 c.
812 3018 859 3078 30.
905 3000 989 3062 Unde
1019 3021 1087 3082 ergo
1118 3002 1243 3066 hauserit
1281 3005 1435 3067 alomonam

440 3102 520 3166 luam
542 3098 707 3179 Sequeller,
728 3097 807 3159 haud
829 3098 916 3159 credo
944 3091 1027 3162 facile
1056 3119 1230 3180 quemquam
1255 3101 1436 3165 ostensurum.

441 3200 487 3264 ud
503 3200 630 3262 Peneum
646 3195 788 3275 Bebryces
817 3215 904 3258 nemo
932 3195 1018 3260 locat.
1062 3198 1107 3262 De
1130 3202 1329 3280 caetero,isti
1350 3199 1433 3264 fluvio

440 3316 518 3360 nunc
536 3315 644 3359 nomen
660 3291 824 3376 Salampria.
848 3296 977 3374 Antiquis
1000 3299 1180 3377 temporibus
1195 3300 1310 3360 Araxes
1326 3313 1435 3378 quoque

441 3394 532 3466 ditius
547 3393 658 3468 fuerat,
683 3394 764 3468 cujus
784 3395 825 3454 rei
841 3385 981 3458 rationem
1002 3393 1078 3461 hanc
1092 3397 1193 3462 Strabo
1213 3398 1310 3462 arlfert
1327 3399 1360 3464 1..
1368 3395 1433 3460 XII.

439 3513 472 3574 p,
492 3509 561 3568 531,
579 3487 711 3547 κιλεῗθαι
727 3486 830 3567 Ἀράξην
849 3536 857 3554 .
879 3535 888 3553 .
912 3491 955 3550 Ptol
980 3490 1009 3550 el
1026 3493 1160 3576 αἶπορῥῖξαα
1183 3494 1436 3577 (ἓῙίἰσῖπιρῥοίξαε)

439 3590 481 3652 nh
493 3585 593 3648 ”octav
613 3583 664 3641 ἰπὶ
685 3584 732 3656 ,πῖ
757 3583 892 3661 'othum
916 3585 1012 3666 ligur&
1039 3591 1074 3651 nl
1094 3595 1193 3668 Timr.
1218 3593 1354 3658 Thellala
1368 3592 1436 3654 haec

440 3687 570 3764 Tempe,
589 3674 729 3762 uescnpta
745 3696 765 3746 ‘a
784 3683 876 3746 Plinio
892 3687 922 3749 L.
938 3687 986 3751 lv.
1005 3709 1029 3753 c.
1058 3699 1088 3762 8.
1113 3693 1141 3754 δι
1161 3692 1281 3754 heliano
1295 3690 1432 3754 Vanhist.

439 3781 477 3850 1..'
492 3785 544 3849 lll.
560 3803 588 3846 c.
611 3805 636 3846 r.
650 3784 767 3862 depicta
795 3784 941 3847 miraberis
958 3788 993 3848 ad
1019 3787 1148 3850 Ubbonis
1168 3791 1274 3852 Emmii
1288 3788 1435 3852 Graeciam

439 3887 583 3964 antiquam
599 3884 630 3945 in
645 3872 730 3946 Thes.
757 3884 888 3961 antiquis.
915 3885 1016 3948 Graec.
1044 3887 1229 3950 Gronoviano
1257 3888 1297 3954 T.
1314 3888 1363 3950 lV.
1390 3886 1436 3959 Ju-

439 3984 635 4046 cundillimam
652 3982 864 4057 vallem,ortus
888 3985 1028 4060 el’indo,
1052 3985 1126 4044 imus
1143 3983 1198 4061 juo
1223 3987 1285 4044 luce
1304 3985 1434 4044 viridante

435 4080 585 4162 perlabatur
602 4082 723 4158 Peneus,
744 4081 843 4142 viridis
864 4082 993 4159 calculo,
1021 4103 1145 4144 amoenus
1177 4087 1251 4146 circa
1277 4087 1356 4167 ripas
1372 4104 1433 4165 gras
